3142 4967
705 191 711 233 i

543 395 621 480 106

469 553 605 644 potest.
627 529 766 618 Voluit
786 550 918 618 antem
943 521 1133 639 figmento
1150 554 1247 615 urus
1263 529 1390 642 poeti·

468 689 517 745 co
537 660 705 766 Dentes,
724 657 837 776 quod
849 655 1147 744 dormireteum
1162 654 1390 760 haeeridia·

469 817 510 872 ee
527 791 631 874 visus
648 809 804 902 est,pro
813 785 1017 874 communi
1037 783 1245 884 hominurn
1258 786 1391 880 vitare

470 948 511 1002 se
532 919 572 1003 io
593 917 772 1007 medium
803 915 965 1022 afferre,
998 916 1068 1030 qui
1087 945 1216 1033 aeque
1234 943 1280 1000 ae
1297 914 1391 1001 dor·

469 1047 619 1153 miens,
646 1070 764 1163 atque
783 1047 916 1132 animo
936 1069 1152 1135 cumenae
1172 1044 1392 1163 quietiore,

466 1179 504 1260 in
534 1205 764 1262 communes
784 1197 825 1262 et
845 1205 1058 1288 eorporunr
1090 1173 1318 1282 devenerit,
1349 1198 1390 1261 et

390 1317 396 1331 ‘
467 1305 689 1392 animorum
716 1335 854 1411 curae,
884 1303 1037 1405 quibus
1066 1302 1318 1413 efficeretur,
1344 1326 1389 1388 ut

467 1459 610 1547 corpus
645 1433 695 1518 ed
729 1433 953 1546 voluptates
980 1430 1261 1540 inclinaretur,
1293 1456 1386 1519 oum

402 1579 416 1598 ‘
463 1588 599 1646 omnes
620 1565 732 1674 proni
752 1562 876 1648 simne
896 1593 917 1644 a
938 1559 1070 1649 labore
1089 1559 1141 1657 ad
1161 1558 1387 1668 libidinem,

469 1717 540 1800 pro
558 1689 707 1807 quibus
726 1722 767 1778 ae
786 1693 829 1774 ia
849 1689 988 1791 silvam
1007 1690 1190 1778 incidisse
1201 1688 1327 1798 dicit,
1345 1712 1385 1780 et
1430 1797 1432 1802 .
1508 1804 1513 1810 ἡ

463 1817 616 1904 animur
635 1819 684 1904 ad
705 1853 763 1928 ea,
783 1850 885 1937 quae
906 1820 1063 1910 rationis
1076 1816 1378 1932 runt,dirigere·

462 1964 527 2027 tur
540 2013 552 2054 ‚
585 1979 658 2062 pro
677 1980 755 2066 qua
778 1973 954 2034 montem
978 1979 1059 2034 esee
1092 1948 1244 2036 Phoebi
1265 1944 1383 2034 radiis

392 2081 399 2094 '
459 2099 640 2164 orrmturn
663 2077 896 2194 voluitque
917 2076 1064 2164 sactum
1084 2108 1166 2166 erae
1184 2073 1384 2187 ostendit,

460 2205 1381 2320 utcumvoluptaaadsetraireret,h0uestaseon·

460 2355 515 2416 tra
540 2361 737 2430 reuocaret
758 2339 980 2450 ingenium,
1000 2338 1041 2421 iu
1062 2337 1269 2454 dubioque
1288 2369 1382 2451 pen·

459 2462 570 2547 deret
590 2469 782 2579 cogitatio,
812 2469 988 2552 adveatu
1009 2465 1124 2580 lupae
1143 2466 1265 2580 paulo
1299 2496 1381 2551 rno-

462 2613 596 2678 meuto
627 2597 676 2679 sit
718 2599 757 2679 in
791 2594 994 2680 meliorem
1027 2618 1179 2707 partem
1213 2594 1377 2707 impulsa

457 2747 682 2828 persuasore
705 2725 895 2834 Virgilio,
917 2726 1087 2828 rationis,
1106 2723 1270 2840 inquam
1286 2789 1298 2830 ,
1317 2726 1373 2832 ri,

454 2877 498 2932 ac
525 2852 750 2959 maiestate,
784 2856 901 2940 etita
936 2852 1122 2966 deinceps
1157 2881 1374 2966 poenarum

356 3089 360 3097 Ι
456 3002 577 3084 metu,
598 2987 944 3098 praemiorumque
958 3015 1040 3096 spe,
1053 3014 1097 3067 ac
1117 2981 1315 3098 desiderio
1334 2982 1374 3066 in

455 3107 582 3190 virum
597 3112 760 3217 evadat,
780 3113 849 3228 qui
873 3116 992 3194 viram
1015 3112 1166 3222 pecoris
1185 3110 1306 3228 instar
1323 3111 1373 3216 si·

451 3231 579 3330 leutio¹
592 3243 842 3350 transivisset,
860 3239 951 3327 Nou
973 3266 1029 3325 est
1051 3235 1242 3354 igitui'de
1262 3239 1372 3350 aunis

454 3365 548 3464 haee
574 3367 812 3485 descriptio,
845 3371 913 3457 sed
936 3371 986 3470 de
1008 3375 1067 3466 rja
1090 3392 1196 3470 reete
1229 3365 1370 3472 inteili-

450 3497 573 3604 genda
597 3503 696 3584 ritae
724 3526 900 3599 nostrae,
922 3533 968 3593 ao,
990 3502 1076 3583 eius
1105 3495 1371 3585 cursandi

448 3626 507 3708 dit
528 3615 619 3711 vero
643 3635 785 3744 Dentes
807 3655 843 3716 et
864 3619 1082 3739 cantiones,
1103 3635 1366 3772 ‘timuistis
