3142 4967
403 528 512 615 suere
533 532 668 644 ingrati
691 527 904 614 Florentini
923 524 1016 644 (a),
1036 526 1108 644 qui
1127 555 1221 612 eum
1251 560 1316 616 ex·

397 658 587 774 polemnt
602 691 652 764 ‚a
674 689 756 775 quo
777 656 993 740 fuissentin
1015 685 1173 738 omnem
1196 659 1318 744 virtu·

402 808 481 870 tem
502 786 745 910 confirmati,
766 816 885 904 quam
914 785 1058 868 suerint
1091 787 1132 868 in
1161 787 1314 897 Lyeur—
1429 770 1433 793 ¹

403 943 495 1024 gum
517 914 1028 1027 Lacedaemoniia'quihns
1049 936 1126 997 tam
1149 913 1318 1024 praecla-

399 1071 459 1127 tas
479 1047 714 1156 atcepissent
737 1044 850 1154 leges,
872 1072 994 1158 quem
1015 1067 1052 1126 et
1073 1041 1318 1155 expulerunt,

402 1196 441 1258 et
475 1171 670 1285 lapidibus
705 1173 856 1256 iniectis
888 1170 1006 1255 oculo
1041 1173 1317 1284 privaverunt,
1432 1185 1438 1196 “

400 1329 518 1413 quam
539 1301 578 1383 in
601 1298 825 1387 Africanum
842 1299 1019 1405 Romani,
1038 1300 1080 1381 in
1103 1297 1315 1406 Aahaliam,

404 1427 444 1508 in
466 1427 724 1512 Ciceronem.
745 1425 824 1512 Sed
845 1429 1069 1527 omittamus
1100 1428 1312 1511 eiuscemo·
1331 1474 1339 1523 ,·

400 1551 443 1633 di
459 1553 711 1660 crudelitatis,
725 1578 761 1638 et
774 1553 1061 1664 ingratitudinis
1075 1583 1221 1663 genera.
1239 1555 1314 1639 Re-

392 1679 553 1765 deamus
572 1682 622 1766 ad
646 1685 825 1788 Dantem,
839 1707 877 1767 et
891 1683 1051 1800 quando
1065 1681 1154 1767 facti
1168 1712 1304 1768 sumus

397 1813 591 1919 certiores,
602 1813 745 1927 quibus
766 1815 914 1917 causis,
935 1812 1213 1927 quamioiquis
1226 1813 1307 1894 eie·

392 1962 482 2025 utus
501 1943 551 2025 sit
571 1973 592 2023 e
614 1945 759 2054 patria,
781 1943 983 2026 videamus
1015 1938 1114 2056 quid
1135 1939 1226 2024 exul
1257 1943 1309 2028 sit

287 2121 294 2130 ,
392 2091 572 2178 secutus,
592 2099 675 2187 quo
695 2069 869 2174 tolerarit
882 2070 1010 2152 animo
1022 2065 1304 2156 calamitatem.

391 2198 538 2282 imitari
558 2217 598 2282 se
617 2199 767 2313 putavit
788 2200 973 2311 Lysiam,
992 2197 1061 2314 qui
1081 2226 1174 2281 cum
1202 2197 1308 2283 dice·

393 2349 501 2408 retur
534 2325 803 2435 Atheniensis,
837 2327 999 2441 minime
1032 2323 1157 2409 fuerat
1196 2332 1307 2410 natus

393 2450 570 2557 Athenis,
586 2454 937 2569 pythagoramque,
957 2453 1049 2567 qui,
1081 2452 1303 2544 cuiusmodi

316 2637 318 2642 .
377 2604 604 2686 *vocaretnn
620 2613 698 2665 non
719 2608 816 2666 esset
831 2580 1177 2692 SamiusQuod'si
1191 2579 1304 2666 Piato

388 2708 637 2792 Academiam
658 2715 881 2824 praeposuit
904 2710 1091 2820 Athenis,
1111 2739 1235 2826 quem,
1263 2737 1304 2800 et

386 2834 548 2921 Polemo
568 2823 735 2948 secutus,
755 2863 795 2924 et
813 2841 1069 2948 Xenocrates,
1088 2843 1120 2923 si
1140 2838 1299 2927 videtur

389 3317 391 3334 ι
418 3289 465 3376 (a)
483 3289 507 3354 A
523 3295 600 3356 tritta
612 3290 732 3374 ragione
747 3311 896 3378 proruppe
920 3302 1025 3356 contro
1049 3288 1199 3376 l’ingrata
1212 3288 1298 3356 ‚uitta

387 3390 418 3455 di
429 3391 450 3455 F
453 3392 548 3456 irenae
564 3393 614 3456 nel
629 3392 1096 3486 Cant.atv.dell'1nsernovers.
1109 3395 1208 3484 qaia
1222 3393 1290 3482 quei

393 3497 493 3572 tersi,
509 3498 556 3561 nei
571 3496 650 3584 quali
658 3495 800 3563 *diehiara

595 3600 728 3686 ingrato
740 3597 860 3690 popolo
870 3596 1037 3687 maligno,

387 3743 392 3752 .
417 3694 484 3762 cta
499 3699 626 3764 discsse
639 3701 676 3763 di
690 3698 1024 3777 Fr'esole'ob'antieo,

416 3795 448 3886 E
462 3798 548 3865 tiene
563 3821 664 3866 anaor
678 3801 733 3868 del
750 3814 856 3869 monte
865 3847 877 3881 ,
894 3825 912 3868 e
927 3799 983 3868 det
997 3800 1153 3892 munigno
1166 3755 1198 3866 J
