<?xml version="1.0" encoding="UTF-8"?>
<!DOCTYPE html PUBLIC "-//W3C//DTD XHTML 1.0 Transitional//EN"
    "http://www.w3.org/TR/xhtml1/DTD/xhtml1-transitional.dtd">
<html xmlns="http://www.w3.org/1999/xhtml" xml:lang="en" lang="en">
 <head>
  <title>
</title>
<meta http-equiv="Content-Type" content="text/html;charset=utf-8" />
  <meta name='ocr-system' content='tesseract 3.04.00' />
  <meta name='ocr-capabilities' content='ocr_page ocr_carea ocr_par ocr_line ocrx_word'/>
</head>
<body>
  <div class='ocr_page' id='page_1' title='image "./vitadantisaligh00moregoog_0093.png"; bbox 0 0 3142 4967; ppageno 0'>
   <div class='ocr_carea' id='block_1_1' title="bbox 341 409 1414 2205">
    <p class='ocr_par' dir='ltr' id='par_1_1' title="bbox 341 409 1414 2073">
     <span class='ocr_line' id='line_1_1' title="bbox 497 409 1235 514; baseline -0.007 0"><span class='ocrx_word' id='word_1_1' title='bbox 497 409 552 514; x_wconf 62' lang='lat' dir='ltr'><strong>lt</strong></span> <span class='ocrx_word' id='word_1_2' title='bbox 949 489 958 494; x_wconf 86' lang='lat'>-</span> <span class='ocrx_word' id='word_1_3' title='bbox 1228 486 1235 509; x_wconf 84' lang='grc'><em>,</em></span> 
     </span>
     <span class='ocr_line' id='line_1_2' title="bbox 422 543 1380 666; baseline 0.007 -36"><span class='ocrx_word' id='word_1_4' title='bbox 422 575 464 630; x_wconf 86' lang='lat' dir='ltr'><strong>se</strong></span> <span class='ocrx_word' id='word_1_5' title='bbox 485 548 605 634; x_wconf 79' lang='lat' dir='ltr'><strong>fnisse</strong></span> <span class='ocrx_word' id='word_1_6' title='bbox 636 547 711 633; x_wconf 77' lang='lat' dir='ltr'><strong>loe</strong></span> <span class='ocrx_word' id='word_1_7' title='bbox 743 545 902 634; x_wconf 79' lang='lat' dir='ltr'><strong>comula</strong></span> <span class='ocrx_word' id='word_1_8' title='bbox 935 547 1053 634; x_wconf 84' lang='lat' dir='ltr'><strong>laetos</strong></span> <span class='ocrx_word' id='word_1_9' title='bbox 1078 543 1237 660; x_wconf 76' lang='lat' dir='ltr'><strong>extales,</strong></span> <span class='ocrx_word' id='word_1_10' title='bbox 1266 554 1345 646; x_wconf 78' lang='lat' dir='ltr'><strong>ian</strong></span> <span class='ocrx_word' id='word_1_11' title='bbox 1375 653 1380 666; x_wconf 30' lang='grc' dir='ltr'>Ι</span> 
     </span>
     <span class='ocr_line' id='line_1_3' title="bbox 422 667 1346 790; baseline 0.013 -32"><span class='ocrx_word' id='word_1_12' title='bbox 422 677 525 760; x_wconf 84' lang='lat' dir='ltr'><strong>intet</strong></span> <span class='ocrx_word' id='word_1_13' title='bbox 545 680 731 790; x_wconf 81' lang='lat' dir='ltr'><strong>primates</strong></span> <span class='ocrx_word' id='word_1_14' title='bbox 743 677 929 764; x_wconf 70' lang='lat' dir='ltr'><strong>collocati</strong></span> <span class='ocrx_word' id='word_1_15' title='bbox 946 667 967 782; x_wconf 36' lang='lat'><strong>,¹</strong></span> <span class='ocrx_word' id='word_1_16' title='bbox 980 679 1021 762; x_wconf 93' lang='lat' dir='ltr'><strong>in</strong></span> <span class='ocrx_word' id='word_1_17' title='bbox 1043 675 1161 764; x_wconf 85' lang='lat' dir='ltr'><strong>huius</strong></span> <span class='ocrx_word' id='word_1_18' title='bbox 1180 680 1346 770; x_wconf 75' lang='grc' dir='ltr'>ἆοωιιω</span> 
     </span>
     <span class='ocr_line' id='line_1_4' title="bbox 408 804 1342 920; baseline 0.006 -30"><span class='ocrx_word' id='word_1_19' title='bbox 408 804 617 918; x_wconf 43' lang='lat' dir='ltr'><strong>⁵impetum</strong></span> <span class='ocrx_word' id='word_1_20' title='bbox 636 808 806 912; x_wconf 78' lang='lat' dir='ltr'><strong>iaciunt,</strong></span> <span class='ocrx_word' id='word_1_21' title='bbox 828 810 867 892; x_wconf 93' lang='lat' dir='ltr'><strong>in</strong></span> <span class='ocrx_word' id='word_1_22' title='bbox 891 807 1078 920; x_wconf 82' lang='lat' dir='ltr'><strong>praedam</strong></span> <span class='ocrx_word' id='word_1_23' title='bbox 1095 834 1250 896; x_wconf 82' lang='lat' dir='ltr'><strong>vertunt</strong></span> <span class='ocrx_word' id='word_1_24' title='bbox 1265 812 1342 896; x_wconf 76' lang='lat' dir='ltr'><strong>fne-</strong></span> 
     </span>
     <span class='ocr_line' id='line_1_5' title="bbox 424 934 1344 1051; baseline 0.013 -37"><span class='ocrx_word' id='word_1_25' title='bbox 424 955 536 1018; x_wconf 86' lang='lat' dir='ltr'><strong>tnnas</strong></span> <span class='ocrx_word' id='word_1_26' title='bbox 556 938 666 1041; x_wconf 86' lang='lat' dir='ltr'><strong>eius,</strong></span> <span class='ocrx_word' id='word_1_27' title='bbox 687 934 853 1018; x_wconf 86' lang='lat' dir='ltr'><strong>domum</strong></span> <span class='ocrx_word' id='word_1_28' title='bbox 874 958 1046 1048; x_wconf 81' lang='lat' dir='ltr'><strong>aequant</strong></span> <span class='ocrx_word' id='word_1_29' title='bbox 1079 936 1188 1042; x_wconf 84' lang='lat' dir='ltr'><strong>solo,</strong></span> <span class='ocrx_word' id='word_1_30' title='bbox 1218 967 1344 1051; x_wconf 83' lang='lat' dir='ltr'><strong>popu-</strong></span> 
     </span>
     <span class='ocr_line' id='line_1_6' title="bbox 426 1057 1336 1174; baseline 0.012 -34"><span class='ocrx_word' id='word_1_31' title='bbox 426 1057 554 1144; x_wconf 83' lang='lat' dir='ltr'><strong>lentur</strong></span> <span class='ocrx_word' id='word_1_32' title='bbox 574 1058 698 1174; x_wconf 81' lang='lat' dir='ltr'><strong>agros,</strong></span> <span class='ocrx_word' id='word_1_33' title='bbox 719 1063 966 1173; x_wconf 80' lang='lat' dir='ltr'><strong>proscribunt</strong></span> <span class='ocrx_word' id='word_1_34' title='bbox 988 1062 1203 1165; x_wconf 85' lang='lat' dir='ltr'><strong>bominem,</strong></span> <span class='ocrx_word' id='word_1_35' title='bbox 1217 1067 1336 1164; x_wconf 83' lang='lat' dir='ltr'><strong>iidem</strong></span> 
     </span>
     <span class='ocr_line' id='line_1_7' title="bbox 423 1189 1341 1304; baseline 0.008 -33"><span class='ocrx_word' id='word_1_36' title='bbox 423 1215 516 1272; x_wconf 87' lang='lat' dir='ltr'><strong>sttnt</strong></span> <span class='ocrx_word' id='word_1_37' title='bbox 556 1193 594 1274; x_wconf 88' lang='lat' dir='ltr'><strong>in</strong></span> <span class='ocrx_word' id='word_1_38' title='bbox 631 1191 870 1276; x_wconf 79' lang='lat' dir='ltr'><strong>palmarium</strong></span> <span class='ocrx_word' id='word_1_39' title='bbox 910 1189 1133 1279; x_wconf 83' lang='lat' dir='ltr'><strong>Altovitum</strong></span> <span class='ocrx_word' id='word_1_40' title='bbox 1166 1193 1341 1304; x_wconf 86' lang='lat' dir='ltr'><strong>indices,</strong></span> 
     </span>
     <span class='ocr_line' id='line_1_8' title="bbox 420 1319 1335 1433; baseline 0.011 -33"><span class='ocrx_word' id='word_1_41' title='bbox 420 1321 682 1433; x_wconf 77' lang='lat' dir='ltr'><strong>eiusdemque</strong></span> <span class='ocrx_word' id='word_1_42' title='bbox 701 1319 885 1402; x_wconf 85' lang='lat' dir='ltr'><strong>damnant</strong></span> <span class='ocrx_word' id='word_1_43' title='bbox 906 1321 1106 1425; x_wconf 80' lang='lat' dir='ltr'><strong>criminis,</strong></span> <span class='ocrx_word' id='word_1_44' title='bbox 1125 1320 1261 1406; x_wconf 87' lang='lat' dir='ltr'><strong>eadem</strong></span> <span class='ocrx_word' id='word_1_45' title='bbox 1281 1326 1335 1410; x_wconf 79' lang='lat' dir='ltr'><strong>al·</strong></span> 
     </span>
     <span class='ocr_line' id='line_1_9' title="bbox 422 1443 1399 1561; baseline 0.01 -33"><span class='ocrx_word' id='word_1_46' title='bbox 422 1443 565 1532; x_wconf 72' lang='lat' dir='ltr'><strong>ficiunt</strong></span> <span class='ocrx_word' id='word_1_47' title='bbox 582 1449 717 1533; x_wconf 87' lang='lat' dir='ltr'><strong>multa.</strong></span> <span class='ocrx_word' id='word_1_48' title='bbox 740 1447 988 1531; x_wconf 87' lang='lat' dir='ltr'><strong>ludicatinnis</strong></span> <span class='ocrx_word' id='word_1_49' title='bbox 1009 1478 1103 1530; x_wconf 84' lang='lat' dir='ltr'><strong>vero</strong></span> <span class='ocrx_word' id='word_1_50' title='bbox 1120 1481 1244 1561; x_wconf 80' lang='lat' dir='ltr'><strong>genus</strong></span> <span class='ocrx_word' id='word_1_51' title='bbox 1262 1450 1337 1538; x_wconf 81' lang='lat' dir='ltr'><strong>luit</strong></span> <span class='ocrx_word' id='word_1_52' title='bbox 1396 1471 1399 1476; x_wconf 76' lang='grc'>’</span> 
     </span>
     <span class='ocr_line' id='line_1_10' title="bbox 420 1573 1333 1693; baseline 0.009 -35"><span class='ocrx_word' id='word_1_53' title='bbox 420 1573 518 1662; x_wconf 88' lang='lat' dir='ltr'>hoc:</span> <span class='ocrx_word' id='word_1_54' title='bbox 541 1580 685 1688; x_wconf 82' lang='lat' dir='ltr'><strong>Legem</strong></span> <span class='ocrx_word' id='word_1_55' title='bbox 715 1575 888 1659; x_wconf 84' lang='lat' dir='ltr'><strong>tulerunt</strong></span> <span class='ocrx_word' id='word_1_56' title='bbox 924 1580 1119 1692; x_wconf 76' lang='lat' dir='ltr'><strong>nequitiae</strong></span> <span class='ocrx_word' id='word_1_57' title='bbox 1153 1573 1333 1693; x_wconf 78' lang='lat' dir='ltr'><strong>plenam,</strong></span> 
     </span>
     <span class='ocr_line' id='line_1_11' title="bbox 418 1707 1334 1820; baseline 0.01 -34"><span class='ocrx_word' id='word_1_58' title='bbox 418 1735 495 1820; x_wconf 85' lang='lat' dir='ltr'><strong>qua</strong></span> <span class='ocrx_word' id='word_1_59' title='bbox 517 1707 731 1790; x_wconf 85' lang='lat' dir='ltr'><strong>iuberenta</strong></span> <span class='ocrx_word' id='word_1_60' title='bbox 749 1708 989 1816; x_wconf 79' lang='lat' dir='ltr'><strong>praetoribus</strong></span> <span class='ocrx_word' id='word_1_61' title='bbox 1006 1707 1229 1818; x_wconf 81' lang='lat' dir='ltr'><strong>principum</strong></span> <span class='ocrx_word' id='word_1_62' title='bbox 1244 1739 1334 1796; x_wconf 85' lang='lat' dir='ltr'><strong>cau·</strong></span> 
     </span>
     <span class='ocr_line' id='line_1_12' title="bbox 341 1833 1330 1956; baseline 0.007 -42"><span class='ocrx_word' id='word_1_63' title='bbox 341 1849 345 1856; x_wconf 84' lang='lat'>&#39;</span> <span class='ocrx_word' id='word_1_64' title='bbox 416 1862 475 1956; x_wconf 71' lang='lat' dir='ltr'><strong>sas</strong></span> <span class='ocrx_word' id='word_1_65' title='bbox 508 1834 725 1918; x_wconf 86' lang='lat' dir='ltr'><strong>iudicatum</strong></span> <span class='ocrx_word' id='word_1_66' title='bbox 748 1833 820 1940; x_wconf 83' lang='lat' dir='ltr'><strong>iri,</strong></span> <span class='ocrx_word' id='word_1_67' title='bbox 841 1833 903 1916; x_wconf 85' lang='lat' dir='ltr'><strong>vel</strong></span> <span class='ocrx_word' id='word_1_68' title='bbox 923 1865 997 1938; x_wconf 86' lang='lat' dir='ltr'><strong>eas,</strong></span> <span class='ocrx_word' id='word_1_69' title='bbox 1017 1837 1057 1915; x_wconf 90' lang='lat' dir='ltr'><strong>in</strong></span> <span class='ocrx_word' id='word_1_70' title='bbox 1079 1836 1225 1949; x_wconf 86' lang='lat' dir='ltr'><strong>quibus</strong></span> <span class='ocrx_word' id='word_1_71' title='bbox 1245 1836 1330 1922; x_wconf 87' lang='lat' dir='ltr'><strong>fne-</strong></span> 
     </span>
     <span class='ocr_line' id='line_1_13' title="bbox 398 1962 1414 2073; baseline 0.009 -33"><span class='ocrx_word' id='word_1_72' title='bbox 398 1964 493 2044; x_wconf 80' lang='lat' dir='ltr'><strong>&#39;rint</strong></span> <span class='ocrx_word' id='word_1_73' title='bbox 526 1962 808 2044; x_wconf 85' lang='lat' dir='ltr'><strong>absolutionem</strong></span> <span class='ocrx_word' id='word_1_74' title='bbox 835 1964 1022 2046; x_wconf 79' lang='lat' dir='ltr'><strong>assecuti.</strong></span> <span class='ocrx_word' id='word_1_75' title='bbox 1044 1963 1189 2046; x_wconf 89' lang='lat' dir='ltr'><strong>Cantes</strong></span> <span class='ocrx_word' id='word_1_76' title='bbox 1215 1963 1332 2073; x_wconf 84' lang='lat' dir='ltr'><strong>igitur</strong></span> <span class='ocrx_word' id='word_1_77' title='bbox 1411 2009 1414 2014; x_wconf 96' lang='lat'>·</span> 
     </span>
    </p>

    <p class='ocr_par' dir='ltr' id='par_1_2' title="bbox 360 2088 1331 2205">
     <span class='ocr_line' id='line_1_14' title="bbox 360 2088 1331 2205; baseline -0.002 -29"><span class='ocrx_word' id='word_1_78' title='bbox 360 2172 363 2176; x_wconf 86' lang='lat'>.</span> <span class='ocrx_word' id='word_1_79' title='bbox 417 2088 644 2194; x_wconf 73' lang='lat' dir='ltr'><strong>Gabrieles,</strong></span> <span class='ocrx_word' id='word_1_80' title='bbox 664 2092 734 2205; x_wconf 89' lang='lat' dir='ltr'><strong>qni</strong></span> <span class='ocrx_word' id='word_1_81' title='bbox 759 2114 853 2172; x_wconf 85' lang='lat' dir='ltr'><strong>tnnc</strong></span> <span class='ocrx_word' id='word_1_82' title='bbox 882 2113 1138 2200; x_wconf 78' lang='lat' dir='ltr'><strong>eratpraetot</strong></span> <span class='ocrx_word' id='word_1_83' title='bbox 1170 2088 1331 2203; x_wconf 83' lang='lat' dir='ltr'><strong>Flnran·</strong></span> 
     </span>
    </p>
   </div>
   <div class='ocr_carea' id='block_1_2' title="bbox 421 2196 1564 2328">
    <p class='ocr_par' dir='ltr' id='par_1_3' title="bbox 421 2196 1564 2328">
     <span class='ocr_line' id='line_1_15' title="bbox 421 2196 1564 2328; baseline -0.008 -27"><span class='ocrx_word' id='word_1_84' title='bbox 421 2219 505 2320; x_wconf 88' lang='lat' dir='ltr'><strong>tiae,</strong></span> <span class='ocrx_word' id='word_1_85' title='bbox 520 2221 559 2302; x_wconf 92' lang='lat' dir='ltr'><strong>in</strong></span> <span class='ocrx_word' id='word_1_86' title='bbox 580 2220 638 2302; x_wconf 86' lang='lat' dir='ltr'><strong>ins</strong></span> <span class='ocrx_word' id='word_1_87' title='bbox 654 2221 807 2302; x_wconf 84' lang='lat' dir='ltr'><strong>vocavit</strong></span> <span class='ocrx_word' id='word_1_88' title='bbox 824 2220 986 2302; x_wconf 79' lang='lat' dir='ltr'><strong>Dantem</strong></span> <span class='ocrx_word' id='word_1_89' title='bbox 1004 2249 1071 2328; x_wconf 85' lang='lat' dir='ltr'><strong>pet</strong></span> <span class='ocrx_word' id='word_1_90' title='bbox 1086 2247 1328 2327; x_wconf 78' lang='lat' dir='ltr'><strong>praeconem,</strong></span> <span class='ocrx_word' id='word_1_91' title='bbox 1424 2250 1433 2259; x_wconf 73' lang='grc'><em>’</em></span> <span class='ocrx_word' id='word_1_92' title='bbox 1563 2196 1564 2253; x_wconf 75' lang='lat' dir='ltr'><strong>t</strong></span> 
     </span>
    </p>
   </div>
   <div class='ocr_carea' id='block_1_3' title="bbox 410 2345 1453 3230">
    <p class='ocr_par' dir='ltr' id='par_1_4' title="bbox 410 2345 1453 2974">
     <span class='ocr_line' id='line_1_16' title="bbox 416 2345 1331 2453; baseline 0.005 -29"><span class='ocrx_word' id='word_1_93' title='bbox 416 2373 455 2426; x_wconf 83' lang='lat' dir='ltr'><strong>et</strong></span> <span class='ocrx_word' id='word_1_94' title='bbox 478 2347 715 2428; x_wconf 81' lang='lat' dir='ltr'><strong>Palmerinm</strong></span> <span class='ocrx_word' id='word_1_95' title='bbox 737 2348 873 2428; x_wconf 88' lang='lat' dir='ltr'><strong>ambos</strong></span> <span class='ocrx_word' id='word_1_96' title='bbox 905 2346 1110 2450; x_wconf 85' lang='lat' dir='ltr'><strong>absentes,</strong></span> <span class='ocrx_word' id='word_1_97' title='bbox 1130 2345 1179 2428; x_wconf 89' lang='lat' dir='ltr'><strong>ad</strong></span> <span class='ocrx_word' id='word_1_98' title='bbox 1202 2348 1331 2453; x_wconf 87' lang='lat' dir='ltr'><strong>Ponti·</strong></span> 
     </span>
     <span class='ocr_line' id='line_1_17' title="bbox 412 2470 1329 2589; baseline 0.005 -36"><span class='ocrx_word' id='word_1_99' title='bbox 412 2470 608 2589; x_wconf 82' lang='lat' dir='ltr'><strong>finemque</strong></span> <span class='ocrx_word' id='word_1_100' title='bbox 641 2475 834 2582; x_wconf 79' lang='lat' dir='ltr'><strong>collegas,</strong></span> <span class='ocrx_word' id='word_1_101' title='bbox 867 2478 1013 2589; x_wconf 86' lang='lat' dir='ltr'><strong>quibus</strong></span> <span class='ocrx_word' id='word_1_102' title='bbox 1047 2497 1118 2587; x_wconf 84' lang='lat' dir='ltr'><strong>per</strong></span> <span class='ocrx_word' id='word_1_103' title='bbox 1151 2476 1329 2558; x_wconf 83' lang='lat' dir='ltr'><strong>inimico·</strong></span> 
     </span>
     <span class='ocr_line' id='line_1_18' title="bbox 412 2602 1326 2718; baseline 0.004 -38"><span class='ocrx_word' id='word_1_104' title='bbox 412 2631 498 2682; x_wconf 84' lang='lat' dir='ltr'><strong>rum</strong></span> <span class='ocrx_word' id='word_1_105' title='bbox 517 2603 1038 2718; x_wconf 77' lang='lat' dir='ltr'><strong>factionem,potentia&#39;mque</strong></span> <span class='ocrx_word' id='word_1_106' title='bbox 1049 2602 1208 2686; x_wconf 84' lang='lat' dir='ltr'><strong>minime</strong></span> <span class='ocrx_word' id='word_1_107' title='bbox 1220 2632 1326 2684; x_wconf 86' lang='lat' dir='ltr'><strong>com·</strong></span> 
     </span>
     <span class='ocr_line' id='line_1_19' title="bbox 418 2721 1453 2838; baseline 0.003 -29"><span class='ocrx_word' id='word_1_108' title='bbox 418 2729 655 2838; x_wconf 84' lang='lat' dir='ltr'><strong>parentibus,</strong></span> <span class='ocrx_word' id='word_1_109' title='bbox 677 2721 979 2813; x_wconf 84' lang='lat' dir='ltr'><strong>incontumaces</strong></span> <span class='ocrx_word' id='word_1_110' title='bbox 1001 2755 1055 2812; x_wconf 86' lang='lat' dir='ltr'><strong>est</strong></span> <span class='ocrx_word' id='word_1_111' title='bbox 1078 2728 1153 2814; x_wconf 87' lang='lat' dir='ltr'><strong>lata</strong></span> <span class='ocrx_word' id='word_1_112' title='bbox 1176 2752 1329 2814; x_wconf 88' lang='lat' dir='ltr'><strong>senten·</strong></span> <span class='ocrx_word' id='word_1_113' title='bbox 1449 2825 1453 2833; x_wconf 25' lang='lat'>¹</span> 
     </span>
     <span class='ocr_line' id='line_1_20' title="bbox 410 2857 1406 2974; baseline 0.003 -34"><span class='ocrx_word' id='word_1_114' title='bbox 410 2861 457 2940; x_wconf 81' lang='lat' dir='ltr'><strong>tia</strong></span> <span class='ocrx_word' id='word_1_115' title='bbox 475 2925 485 2962; x_wconf 91' lang='lat'>‚</span> <span class='ocrx_word' id='word_1_116' title='bbox 506 2891 549 2941; x_wconf 84' lang='lat' dir='ltr'><strong>ae</strong></span> <span class='ocrx_word' id='word_1_117' title='bbox 571 2889 639 2970; x_wconf 82' lang='lat' dir='ltr'><strong>pet</strong></span> <span class='ocrx_word' id='word_1_118' title='bbox 659 2890 817 2940; x_wconf 86' lang='lat' dir='ltr'><strong>omnem</strong></span> <span class='ocrx_word' id='word_1_119' title='bbox 839 2862 1126 2974; x_wconf 82' lang='lat' dir='ltr'><strong>iniquitatem,</strong></span> <span class='ocrx_word' id='word_1_120' title='bbox 1147 2883 1185 2941; x_wconf 87' lang='lat' dir='ltr'><strong>et</strong></span> <span class='ocrx_word' id='word_1_121' title='bbox 1205 2857 1329 2946; x_wconf 70' lang='lat' dir='ltr'><strong>fortu-</strong></span> <span class='ocrx_word' id='word_1_122' title='bbox 1403 2917 1406 2922; x_wconf 54' lang='lat'>&lt;</span> 
     </span>
    </p>

    <p class='ocr_par' dir='ltr' id='par_1_5' title="bbox 412 2985 1401 3230">
     <span class='ocr_line' id='line_1_21' title="bbox 413 2985 1325 3099; baseline 0.002 -31"><span class='ocrx_word' id='word_1_123' title='bbox 413 3017 484 3068; x_wconf 85' lang='lat' dir='ltr'><strong>nae</strong></span> <span class='ocrx_word' id='word_1_124' title='bbox 505 2988 583 3068; x_wconf 87' lang='lat' dir='ltr'><strong>suis</strong></span> <span class='ocrx_word' id='word_1_125' title='bbox 604 2985 811 3069; x_wconf 85' lang='lat' dir='ltr'><strong>clientibus</strong></span> <span class='ocrx_word' id='word_1_126' title='bbox 844 2989 1079 3099; x_wconf 77' lang='lat' dir='ltr'><strong>applicatae,</strong></span> <span class='ocrx_word' id='word_1_127' title='bbox 1117 3010 1155 3070; x_wconf 84' lang='lat' dir='ltr'><strong>et</strong></span> <span class='ocrx_word' id='word_1_128' title='bbox 1187 3015 1325 3070; x_wconf 83' lang='lat' dir='ltr'><strong>eorum</strong></span> 
     </span>
     <span class='ocr_line' id='line_1_22' title="bbox 412 3113 1401 3230; baseline 0.002 -32"><span class='ocrx_word' id='word_1_129' title='bbox 412 3118 643 3228; x_wconf 77' lang='lat' dir='ltr'><strong>proscriptae</strong></span> <span class='ocrx_word' id='word_1_130' title='bbox 678 3117 776 3198; x_wconf 86' lang='lat' dir='ltr'><strong>vitae</strong></span> <span class='ocrx_word' id='word_1_131' title='bbox 796 3113 885 3230; x_wconf 85' lang='lat' dir='ltr'><strong>(t).</strong></span> <span class='ocrx_word' id='word_1_132' title='bbox 914 3114 1015 3201; x_wconf 86' lang='lat' dir='ltr'>Proh</span> <span class='ocrx_word' id='word_1_133' title='bbox 1040 3118 1189 3221; x_wconf 87' lang='lat' dir='ltr'><strong>Deum,</strong></span> <span class='ocrx_word' id='word_1_134' title='bbox 1208 3135 1324 3230; x_wconf 82' lang='lat' dir='ltr'><strong>atque</strong></span> <span class='ocrx_word' id='word_1_135' title='bbox 1395 3137 1401 3146; x_wconf 76' lang='grc'><em>“</em></span> 
     </span>
    </p>
   </div>
   <div class='ocr_carea' id='block_1_4' title="bbox 409 3493 1315 3788">
    <p class='ocr_par' dir='ltr' id='par_1_6' title="bbox 409 3493 1315 3788">
     <span class='ocr_line' id='line_1_23' title="bbox 453 3493 1312 3586; baseline -0.001 -26"><span class='ocrx_word' id='word_1_136' title='bbox 453 3497 504 3585; x_wconf 90' lang='lat' dir='ltr'><strong>(t)</strong></span> <span class='ocrx_word' id='word_1_137' title='bbox 521 3498 595 3563; x_wconf 86' lang='lat' dir='ltr'><strong>Poen</strong></span> <span class='ocrx_word' id='word_1_138' title='bbox 610 3499 700 3586; x_wconf 87' lang='lat' dir='ltr'><strong>dopo,</strong></span> <span class='ocrx_word' id='word_1_139' title='bbox 716 3499 792 3575; x_wconf 69' lang='lat' dir='ltr'><strong>eine,</strong></span> <span class='ocrx_word' id='word_1_140' title='bbox 808 3499 835 3562; x_wconf 87' lang='lat' dir='ltr'><strong>ai</strong></span> <span class='ocrx_word' id='word_1_141' title='bbox 853 3518 903 3563; x_wconf 82' lang='lat' dir='ltr'><strong>aa.</strong></span> <span class='ocrx_word' id='word_1_142' title='bbox 919 3497 1023 3562; x_wconf 89' lang='lat' dir='ltr'><strong>Marzo</strong></span> <span class='ocrx_word' id='word_1_143' title='bbox 1036 3495 1107 3572; x_wconf 80' lang='lat' dir='ltr'><strong>dell’</strong></span> <span class='ocrx_word' id='word_1_144' title='bbox 1119 3517 1199 3563; x_wconf 87' lang='lat' dir='ltr'><strong>anno</strong></span> <span class='ocrx_word' id='word_1_145' title='bbox 1218 3493 1312 3560; x_wconf 75' lang='lat'><strong>130¹.</strong></span> 
     </span>
     <span class='ocr_line' id='line_1_24' title="bbox 409 3593 1314 3686; baseline 0 -27"><span class='ocrx_word' id='word_1_146' title='bbox 409 3593 564 3665; x_wconf 77' lang='lat' dir='ltr'><strong>fulminata</strong></span> <span class='ocrx_word' id='word_1_147' title='bbox 579 3598 611 3664; x_wconf 85' lang='lat' dir='ltr'><strong>fn</strong></span> <span class='ocrx_word' id='word_1_148' title='bbox 626 3614 730 3666; x_wconf 87' lang='lat' dir='ltr'><strong>contro</strong></span> <span class='ocrx_word' id='word_1_149' title='bbox 745 3602 777 3664; x_wconf 93' lang='lat' dir='ltr'><strong>di</strong></span> <span class='ocrx_word' id='word_1_150' title='bbox 792 3598 845 3677; x_wconf 89' lang='lat' dir='ltr'><strong>lni,</strong></span> <span class='ocrx_word' id='word_1_151' title='bbox 859 3622 876 3663; x_wconf 90' lang='lat' dir='ltr'><strong>e</strong></span> <span class='ocrx_word' id='word_1_152' title='bbox 890 3596 920 3664; x_wconf 90' lang='lat' dir='ltr'><strong>d‘</strong></span> <span class='ocrx_word' id='word_1_153' title='bbox 931 3597 1000 3663; x_wconf 89' lang='lat' dir='ltr'><strong>altri</strong></span> <span class='ocrx_word' id='word_1_154' title='bbox 1015 3620 1074 3663; x_wconf 86' lang='lat' dir='ltr'><strong>nna</strong></span> <span class='ocrx_word' id='word_1_155' title='bbox 1083 3598 1135 3686; x_wconf 82' lang='lat' dir='ltr'><strong>pila</strong></span> <span class='ocrx_word' id='word_1_156' title='bbox 1148 3595 1220 3662; x_wconf 85' lang='lat' dir='ltr'><strong>fieta</strong></span> <span class='ocrx_word' id='word_1_157' title='bbox 1243 3618 1314 3662; x_wconf 79' lang='lat' dir='ltr'><strong>sen·</strong></span> 
     </span>
     <span class='ocr_line' id='line_1_25' title="bbox 410 3693 1315 3788; baseline 0.001 -20"><span class='ocrx_word' id='word_1_158' title='bbox 410 3708 516 3776; x_wconf 75' lang='lat' dir='ltr'><strong>tems,</strong></span> <span class='ocrx_word' id='word_1_159' title='bbox 533 3700 561 3764; x_wconf 90' lang='lat' dir='ltr'><strong>la</strong></span> <span class='ocrx_word' id='word_1_160' title='bbox 576 3697 799 3788; x_wconf 15' lang='lat' dir='ltr'><strong>qualeyydieeva,</strong></span> <span class='ocrx_word' id='word_1_161' title='bbox 818 3697 874 3766; x_wconf 88' lang='lat' dir='ltr'><strong>che</strong></span> <span class='ocrx_word' id='word_1_162' title='bbox 889 3723 920 3764; x_wconf 87' lang='lat' dir='ltr'><strong>se</strong></span> <span class='ocrx_word' id='word_1_163' title='bbox 945 3722 997 3787; x_wconf 84' lang='lat' dir='ltr'><strong>per</strong></span> <span class='ocrx_word' id='word_1_164' title='bbox 1025 3699 1103 3767; x_wconf 78' lang='lat' dir='ltr'><strong>nata</strong></span> <span class='ocrx_word' id='word_1_165' title='bbox 1130 3693 1315 3769; x_wconf 66' lang='lat' dir='ltr'><strong>nette-lette·</strong></span> 
     </span>
    </p>
   </div>
   <div class='ocr_carea' id='block_1_5' title="bbox 409 3798 1317 3883">
    <p class='ocr_par' dir='ltr' id='par_1_7' title="bbox 409 3798 1317 3883">
     <span class='ocr_line' id='line_1_26' title="bbox 409 3798 1317 3883; baseline 0.006 -22"><span class='ocrx_word' id='word_1_166' title='bbox 409 3800 553 3883; x_wconf 77' lang='lat' dir='ltr'><strong>roeglino</strong></span> <span class='ocrx_word' id='word_1_167' title='bbox 567 3802 667 3867; x_wconf 82' lang='lat' dir='ltr'><strong>caduti</strong></span> <span class='ocrx_word' id='word_1_168' title='bbox 682 3801 757 3866; x_wconf 86' lang='lat' dir='ltr'><strong>nelle</strong></span> <span class='ocrx_word' id='word_1_169' title='bbox 783 3807 864 3868; x_wconf 85' lang='lat' dir='ltr'><strong>mani</strong></span> <span class='ocrx_word' id='word_1_170' title='bbox 887 3799 936 3866; x_wconf 83' lang='lat' dir='ltr'><strong>del</strong></span> <span class='ocrx_word' id='word_1_171' title='bbox 961 3799 1112 3882; x_wconf 69' lang='lat' dir='ltr'><strong>comune,</strong></span> <span class='ocrx_word' id='word_1_172' title='bbox 1137 3798 1317 3882; x_wconf 67' lang='lat' dir='ltr'><strong>condensati</strong></span> 
     </span>
    </p>
   </div>
   <div class='ocr_carea' id='block_1_6' title="bbox 0 0 1576 4967">
    <p class='ocr_par' dir='ltr' id='par_1_8' title="bbox 0 0 1576 4967">
     <span class='ocr_line' id='line_1_27' title="bbox 0 0 1576 4967; baseline 0 2"><span class='ocrx_word' id='word_1_173' title='bbox 0 0 1576 4967; x_wconf 95' lang='lat' dir='ltr'><strong> </strong></span> 
     </span>
    </p>
   </div>
  </div>
 </body>
</html>
