3142 4967
1024 399 1101 507 139

237 551 308 632 qus
326 534 564 608 monumento
581 528 761 605 obruendi
788 533 949 609 iniuncta
980 556 1079 625 cura,
1096 535 1172 609 olli·

238 645 436 746 ciumqusr
464 642 571 739 Quod
600 666 687 715 sane
715 642 887 717 omnibus
920 646 1167 745 gratissimum

234 758 441 850 deciderat,
459 758 517 831 bis
533 756 746 858 praesertim
764 756 1041 857 probatissimis,
1057 774 1164 860 atque

43 949 53 968 .
106 898 109 903 ·
156 931 160 938 .
234 866 531 944 laudabilissimis
548 870 636 943 viris
648 921 660 962 ,
676 891 834 969 quoram
864 871 997 945 virtute
1026 870 1168 947 saecu

233 983 319 1055 tutis
335 984 386 1060 V.
405 980 527 1056 laudes
546 978 839 1055 innumerabiles
855 1006 941 1055 sane
958 980 1005 1055 ad
1022 983 1163 1059 caelum

225 1093 474 1183 efferebantur
490 1147 499 1169 .
516 1092 710 1171 Nemeum
722 1096 884 1196 primum
901 1095 948 1168 de
966 1104 1006 1169 ea
1026 1096 1163 1171 id‘mu·

226 1211 326 1282 neris
344 1211 634 1311 impetravimus,
647 1205 753 1283 aedes
771 1208 936 1282 mercede
953 1209 1168 1301 conductae,

229 1320 436 1421 despuentes
448 1325 544 1396 coire
557 1343 696 1416 ornnes,
711 1336 893 1395 maternos
906 1320 1105 1421 rhythmos
1120 1324 1168 1397 ad

226 1433 352 1535 lyi'a'iu
368 1438 521 1527 cauere,
547 1450 656 1537 atque
685 1435 870 1536 imprimis
888 1435 1160 1513 Sanctissimis.

226 1548 442 1623 meritorum
457 1559 538 1648 erge
556 1568 621 1623 nos
634 1548 943 1647 magnitudinem,
952 1550 1166 1646 gratiarum·

164 1737 167 1743 ,
229 1662 302 1760 ‹²1in
317 1662 557 1755 mistionem,
578 1652 815 1763 ticet'pudsac
829 1682 894 1762 pro
908 1664 1009 1734 tauta
1029 1684 1068 1733 re
1086 1675 1161 1734 tarn

227 1774 299 1847 siti
316 1774 465 1875 defungi
483 1779 635 1858 munere
652 1777 847 1867 orationis,
865 1776 1072 1875 passimque
1090 1774 1161 1847 lae-

231 1887 327 1960 titiis
342 1886 513 1963 omnihus
541 1888 736 1978 incedere,
752 1886 1013 1985 interdumque
1043 1887 1158 1959 nimio

229 2002 323 2097 pene
339 2001 469 2098 'gaudio
487 2002 670 2102 desipere.
687 2004 827 2102 Operae
857 2000 1016 2099 pretium
1046 1997 1163 2073 fuerat

229 2108 352 2184 ridere
370 2114 488 2211 quurb
508 2114 656 2185 iuvenes
672 2165 685 2203 ,
700 2131 818 2212 quum
841 2111 952 2182 etiam
981 2109 1160 2184 confectos

231 2224 350 2313 siros,
365 2225 559 2324 primarios
575 2223 715 2325 scilicet
732 2236 842 2325 atque
858 2224 1155 2323 praestantiores,

232 2314 419 2432 dtltenas,
435 2356 511 2414 non
527 2331 735 2432 Minervae,
749 2338 884 2425 Leonis
900 2336 1160 2437 intelligimus,
1253 2321 1256 2334 ’

214 2449 322 2523 utras
336 2451 451 2526 alium
475 2453 735 2555 proculcantes,
751 2479 793 2526 ac
809 2450 1057 2543 detrudentes,
1081 2477 1157 2526 cer·

227 2564 336 2638 tatim
352 2568 475 2667 petere
487 2623 503 2656 ,
518 2566 707 2667 patefactis
720 2562 891 2657 aedibus,
908 2565 1064 2665 oppletis
1081 2588 1160 2667 spe-

224 2678 406 2750 ctantium
432 2680 528 2771 eiis;
553 2677 873 2781 percomptabatur
904 2682 977 2753 iarn
1005 2678 1157 2779 quisque

224 2812 302 2863 rem
323 2815 457 2865 novam
468 2847 481 2883 ,
513 2816 554 2865 ac
581 2793 792 2867 sanctitatis
810 2798 856 2871 V.
874 2807 1044 2897 percepto
1064 2795 1156 2866 ¹mu·

224 2925 335 2996 nere,
358 2904 403 2976 ad
431 2903 573 2981 caelum
603 2932 733 2981 manus
765 2908 965 3000 efferebat,
993 2906 1158 2981 clemen*-

220 3018 311 3088 tiam
328 3012 622 3118 obstupescebat:
646 3024 834 3120 pervagari
855 3021 988 3094 famam
1006 3024 1062 3093 sui
1079 3034 1155 3095 stu·-
1234 3052 1236 3057 ’

221 3127 282 3201 dio
299 3144 517 3204 restauratae
533 3135 707 3233 pristinae
729 3132 1156 3235 Academicanuperque

220 3240 1158 3348 tambeneinstitutaelaudespraedicareDiriLeonis

220 3382 311 3457 ope,
326 3386 394 3459 ope
411 3362 544 3435 Leonis
563 3366 712 3464 inquam
740 3387 776 3436 x.
806 3365 906 3436 cuius
936 3376 1024 3447 nutu
1054 3354 1167 3434 orbis¹

218 3472 334 3545 terrae
351 3487 513 3571 regatur:
533 3478 710 3550 iuvenum
728 3475 1009 3549 exercendorum
1039 3477 1151 3573 gratis

219 3582 346 3660 ludum
365 3588 593 3686 adapertum,
605 3589 863 3665 diverticulum
883 3587 1057 3661 sciliceta
1078 3590 1145 3659 rni-

221 3699 338 3795 seriis,
350 3725 390 3776 ac
402 3702 583 3781 Musarum
602 3702 820 3805 perfugium,
835 3706 871 3776 in
886 3701 960 3804 quo'
976 3710 1152 3793 veterum,
