3142 4967
437 527 487 612 ab
507 531 684 613 instituto
699 523 909 633 reroca'vit,
923 515 1136 649 uimquo'd
1155 517 1211 614 ob'·
1230 535 1375 616 roma.

434 688 506 746 nae
521 649 738 772 linguanae
747 643 994 773 eloquentiae
1002 642 1266 744 deaertionem
1279 689 1359 744 non

436 813 536 872 esset
556 819 598 872 ea
613 793 651 878 vi
672 786 847 893 dicendi,
859 815 939 902 qna
952 811 1131 900 caperet,
1143 809 1232 874 tnm
1244 787 1358 909 qnod

437 918 657 1002 intueretur
676 920 865 1004 omnibus
882 917 967 1002 cius
986 918 1227 1030 tempestatis
1246 919 1356 1032 priu-

431 1045 1353 1160 cipibusrhythmoseesegratiorescarminibue.

435 1175 512 1260 Sed
534 1177 774 1292 quantam‘in
789 1178 835 1258 iis
854 1174 1083 1286 elegantiam
1104 1173 1346 1281 observarit,

434 1333 620 1414 quamam
651 1308 691 1388 in
711 1301 1069 1416 comparationibus
1085 1303 1347 1416 dignitatem,

431 1456 622 1544 quantum
644 1435 806 1516 inomni
828 1431 1094 1538 redecoinm,
1113 1430 1265 1517 faciiins
1286 1461 1351 1516 co·

432 1563 551 1668 girato
573 1591 733 1674 possum
753 1591 874 1678 quam
894 1559 1037 1647 dicere.
1058 1556 1269 1662 Neminem
1291 1588 1349 1642 ar·

430 1687 555 1778 bitror
576 1688 852 1782 fntnrnmease
873 1717 1078 1806 unquam,
1098 1688 1170 1806 qui
1191 1687 1267 1777 hoc
1286 1687 1352 1773 di·

426 1811 540 1898 cendi
563 1849 702 1926 genere
722 1841 881 1932 superet
903 1819 1100 1921 Dantem,
1122 1841 1253 1931 neque
1275 1816 1348 1900 mi·

430 1975 503 2028 nus
535 1950 642 2057 apud
663 1981 754 2033 suos
775 1949 979 2032 elimatum
1012 1974 1091 2031 csse
1112 1944 1223 2029 duco
1244 1941 1351 2025 hunc

429 2075 634 2180 codicem,
654 2109 773 2195 qnam
788 2075 897 2192 apud
911 2070 1246 2193 Romanos'iucrir
1270 2069 1354 2152 Ma·

435 2231 504 2305 ro,
531 2235 579 2286 eo
608 2206 972 2314 vehementiorem,
1005 2205 1119 2321 quod
1138 2230 1275 2316 acque
1306 2229 1351 2282 ac

431 2334 577 2415 Pauins
589 2339 685 2444 ipse,
700 2362 766 2420 aut
781 2335 880 2419 alter
894 2339 1134 2423 Sanctorum
1146 2330 1351 2449 quispiam,

430 2446 479 2540 ad
501 2459 622 2545 iidem
646 2496 780 2579 raptus
801 2488 858 2548 cst
873 2494 965 2547 cnm
981 2459 1075 2549 haec
1095 2463 1346 2579 sequebatur.

432 2856 589 2925 abbcllita
604 2882 665 2926 con
680 2887 763 2928 vanc
778 2886 896 2954 compa
911 2864 948 2929 di
962 2863 1053 2941 stile,
1060 2862 1099 2927 di
1107 2859 1165 2926 che
1179 2857 1216 2922 di
1244 2877 1338 2922 orma

436 2955 492 3023 del
506 2971 591 3028 tutte
604 2961 759 3054 l'nspctto
772 2963 1036 3054 dcll’criginalc5
1048 2961 1189 3030 laddove
1199 2959 1235 3023 lc
1245 2954 1346 3021 Scar-

434 3060 552 3148 pcric,
567 3066 731 3152 seguendo
744 3088 805 3130 con
815 3067 967 3154 rigorose
978 3077 1162 3141 crcttczza,
1177 3086 1196 3128 c
1211 3071 1350 3126 stretto-

441 3178 546 3228 mentc
569 3163 597 3228 il
612 3188 670 3229 sno
694 3167 824 3232 Autorc
834 3213 845 3244 ,
867 3171 899 3230 ci
908 3181 1065 3257 presente
1082 3177 1170 3230 cotto
1185 3163 1218 3227 le
1232 3162 1347 3250 forme

438 3263 543 3330 latine
569 3279 667 3344 rutra,
694 3269 735 3330 cd
750 3269 858 3332 intera
873 3267 910 3331 la
925 3269 1080 3359 semplicc
1093 3267 1283 3355 grandczza
1307 3263 1346 3328 di

432 3369 548 3456 quello.
556 3371 590 3433 Di
602 3372 698 3434 costui
714 3372 755 3432 ivi
766 3374 978 3434 rammentansi
992 3373 1107 3434 direrae
1122 3369 1198 3434 altre
1210 3369 1349 3444 versioni,

439 3486 482 3534 tra
501 3472 527 3534 le
543 3475 624 3560 quali
641 3473 668 3535 la
684 3471 926 3537 Gernrclcmme
940 3472 988 3535 del
1006 3474 1108 3541 Tarso,
1120 3470 1154 3535 L'
1166 3471 1271 3535 ultimo
1286 3483 1351 3532 tra-

435 3576 553 3639 duttore
570 3573 743 3640 finalmente
758 3573 836 3639 delia
858 3570 981 3638 Cantica
998 3572 1030 3637 su
1044 3574 1067 3639 il
1084 3573 1160 3638 Proi.
1179 3571 1354 3650 catellacci,

438 3700 453 3736 e
468 3689 569 3760 questa
583 3679 712 3741 versione
724 3725 734 3754 ,
750 3676 806 3740 che
817 3678 854 3741 da
864 3697 940 3764 poco
951 3689 1052 3766 tempo
1064 3679 1079 3741 ἐ
1092 3677 1122 3740 in
1134 3676 1219 3753 lnce,
1236 3695 1295 3740 non
1312 3673 1352 3739 ha

434 3785 556 3843 riscosso
571 3781 674 3860 grandi
686 3779 831 3868 applausi.
