3142 4967
641 484 645 497 .
1032 400 1102 500 tlt

245 537 398 624 omnes,
409 517 653 633 quorumnon
670 522 780 632 parva
796 536 917 633 copia,
937 546 978 607 ut
994 556 1038 606 ex
1053 541 1177 605 eorum

244 642 537 719 attestationibus·
551 647 682 720 videre·
705 638 839 743 poterit
854 700 865 737 ,
881 662 1014 746 quauta
1044 646 1176 717 Inven-

142 831 145 846 ‚
245 769 362 830 tutem
374 760 642 832 omnem‘ist‘sm
655 753 995 857 florentem,qnanta
1011 760 1180 856 denique,

247 879 283 939 et
295 894 406 968 quam
419 879 580 943 maxima
592 871 780 944 civitatem
795 870 1181 967 universamQuapro-

241 990 323 1079 pter
340 979 512 1080 proferat,
528 968 732 1081 precamur,
747 983 789 1053 ac
805 982 1072 1080 supplicamus,
1091 982 1177 1053 San·

246 1092 354 1164 clitas
371 1094 418 1168 V.
435 1116 481 1165 ex
498 1095 631 1167 intima
648 1093 712 1166 illa
731 1097 786 1165 sui
804 1092 1052 1191 benignitate,
1069 1118 1088 1164 a
1110 1118 1180 1189 qua

246 1202 412 1304 denegari
441 1208 636 1308 quicquam
668 1206 896 1279 Academicis
915 1202 966 1276 fas
994 1227 1067 1277 non
1083 1236 1085 1239 ·
1102 1202 1179 1296 est,

244 1320 443 1392 mirificum
460 1319 678 1395 clementiae
694 1342 827 1417 genus:
848 1342 915 1391 nec
934 1319 1089 1416 patiatur
1116 1342 1178 1389 suo

245 1431 512 1504 muneratione
540 1429 661 1505 locum
688 1430 918 1504 defraudari.
938 1428 1066 1501 lubeat
1085 1456 1165 1529 per-

246 1542 340 1615 solvi
355 1543 426 1616 sihi
443 1568 603 1618 annuam
634 1544 839 1615 mercedem
868 1541 972 1613 iilam
987 1550 999 1626 ‚¹
1017 1567 1061 1613 ne
1079 1546 1174 1638 qnod

243 1666 414 1727 retussui
433 1658 470 1729 in
490 1656 723 1730 Academicos
740 1679 840 1729 amor
856 1656 1176 1743 constituit„aliu-
1258 1653 1261 1663 ⁴

248 1791 330 1840 rum
349 1771 513 1860 invidia,
529 1785 591 1842 ant
608 1770 854 1841 malivolentia
872 1768 1092 1867 intercipiat.
1108 1770 1181 1839 Ac·

86 1897 89 1901 ’
204 1930 207 1935 -
245 1882 355 1979 cipiet
372 1884 419 1959 V.
437 1882 564 1957 eadem
581 1875 759 1955 Sanctitas
772 1879 818 1953 eh
833 1883 976 1971 Vrsin0‚
993 1897 1099 1979 atque
1113 1880 1179 1953 Al·

249 1993 370 2093 phano
386 1984 598 2071 Oratoribus
609 1998 893 2082 'omnemnustri
911 1993 1099 2067 ardentem
1118 2020 1179 2065 cu·

250 2110 465 2206 piditatem:
484 2135 542 2184 eus
556 2113 657 2183 enim
669 2113 718 2199 ad
738 2109 841 2180 iilam
854 2108 1079 2182 decrevimus
1097 2114 1181 2207 sup·

248 2218 456 2318 plicandam
473 2273 480 2293 .
499 2222 543 2295 Id
560 2225 590 2295 si
605 2222 652 2294 ab
665 2217 912 2323 ea'peculidri'
927 2219 990 2291 illa
1021 2244 1083 2293 stra
1100 2222 1111 2311 ,
1139 2247 1179 2295 ac

248 2335 387 2432 saepius
415 2326 573 2435 repetita
613 2328 808 2408 clementia
823 2390 835 2426 ,
862 2350 904 2408 ut
936 2335 1202 2426 confidimus,

247 2440 583 2542 impetraverimus,
615 2447 782 2544 frigentes
813 2471 945 2547 prope,
964 2470 1004 2518 ac
1021 2447 1179 2521 iacentes
1234 2544 1236 2551 Ι

245 2555 387 2647 Musas,
409 2558 596 2633 labantem
613 2561 850 2633 Academiam
866 2583 954 2631 ¹nun
984 2557 1103 2632 sotum
1135 2559 1174 2633 in

247 2666 363 2741 luceru
395 2676 641 2765 revocaverit,
671 2688 708 2744 et
736 2672 780 2745 ad
810 2672 951 2745 coelum
984 2672 1179 2765 extulerit,

244 2783 304 2853 sed
324 2786 510 2859 universae
529 2789 719 2879 Etruriae,
738 2814 783 2859 ne
801 2791 964 2862 dicamus
982 2788 1067 2859 huic
1083 2790 1174 2864 civi-

244 2896 308 2963 tati
321 2946 333 2986 ,
351 2889 535 2972 adeosrem
551 2896 687 2997 gratam
703 2899 894 2990 iecerit,ut
906 2902 1080 2972 maiorem
1095 2926 1168 2975 non

243 3008 366 3104 possit:
386 3020 600 3111 tantumque
612 3036 653 3085 eo
667 3036 817 3084 munere
830 3014 875 3085 ad
893 3012 1015 3085 laudes
1031 3012 1172 3087 Sancti·

246 3118 329 3187 tatis
362 3119 406 3189 V.
438 3126 649 3197 accesserit.
668 3126 768 3219 Quid
798 3127 899 3197 enim
928 3148 972 3197 ex
1001 3124 1173 3197 omnibns

243 3224 349 3301 rebus
367 3230 535 3309 humanis
552 3226 790 3335 praeclarius,
822 3251 883 3341 aut
913 3243 1178 3338 praestantiae,

243 3354 306 3411 aut
322 3348 419 3439 quod
436 3347 493 3419 illi
511 3350 659 3420 maioris
689 3347 823 3420 fructus
838 3403 849 3437 ,
865 3349 1067 3447 gloriaeque
1100 3376 1175 3421 esse

242 3456 378 3551 possit,
395 3456 507 3555 quam
526 3462 571 3532 de
589 3462 785 3551 omnibns,
815 3468 1097 3561 praesertimque
1124 3467 1169 3539 de

244 3567 483 3661 Academicis,
495 3572 587 3646 bene
604 3574 762 3647 mereri?
780 3576 926 3674 Quippe
938 3576 1002 3649 Dei
1024 3580 1174 3649 immor·

139 3676 142 3683 ’
247 3677 329 3749 talis
347 3696 400 3753 est
413 3736 425 3775 ,
445 3686 544 3758 cuius
561 3710 599 3757 ea
620 3711 716 3760 nunc
748 3692 863 3762 vicem
894 3692 1010 3785 gerit,
1042 3701 1171 3760 morta·
1216 3684 1217 3688 ’
