3142 4967
500 479 555 564 82

413 723 415 728 Ι
437 621 758 734 interpretaretur
770 615 831 701 sni
853 620 982 730 operis
997 616 1257 704 Paradisum
1271 687 1282 728 ‚
1295 621 1359 703 et*

430 779 512 864 qne
545 747 662 834 titulo
686 746 795 830 daret
815 743 913 865 (r)..
929 747 1243 834 Commentarios
1283 777 1355 863 ego

431 877 520 961 iilos
539 878 707 987 integros
728 877 876 985 habeo,
897 903 935 961 et
951 877 1025 960 iltis
1040 876 1213 963 delector
1234 880 1356 966 maxi·

430 1035 602 1120 mopere.
616 1007 708 1095 Non
724 1033 814 1092 sunt
834 1037 877 1090 ea
891 1006 1138 1124 eloquentiae
1154 1032 1345 1119 praestan·

430 1139 506 1241 tia,
527 1167 604 1254 qua
626 1137 687 1221 vel
708 1136 911 1222 Ciceronis
929 1161 1020 1219 sunt
1039 1139 1262 1244 orationes,
1283 1137 1347 1220 vel

429 1294 566 1354 eorurn
587 1267 769 1373 codices,
789 1271 862 1382 qui
882 1264 1045 1349 fuerunt
1066 1266 1181 1378 apud
1201 1291 1350 1350 vetares

427 1394 691 1501 disertissimi,
725 1395 788 1479 vei
829 1425 965 1478 eorum
994 1424 1155 1501 rursus,=
1175 1398 1244 1511 qui
1275 1395 1346 1480 hac

425 1548 653 1638 tempestate
674 1521 879 1639 praestant,
899 1521 1061 1642 qualern
1082 1553 1153 1636 ego
1179 1526 1342 1609 clarissi-

428 1681 541 1736 rnnm
573 1658 702 1740 virum
739 1679 887 1767 patrem
924 1681 1055 1736 meum
1090 1652 1341 1740 Franciscum

305 1855 307 1860 .
427 1781 641 1867 Phitelfum
663 1783 784 1868 muita
807 1783 935 1867 sennia
957 1802 1153 1893 superasse
1175 1814 1254 1865 non
1276 1816 1344 1867 ne·

424 1912 506 1994 scio
519 1978 531 2019 ,
564 1915 713 2030 quique
736 1914 876 2023 primas
897 1914 996 1993 inter
1033 1935 1181 1993 nostros
1203 1909 1342 1996 habeat

424 2065 579 2160 partes„
600 2068 639 2126 et
661 2033 763 2124 hand
786 2041 920 2150 priscis
941 2040 1053 2122 cedat
1078 2038 1247 2121 muitum
1282 2039 1343 2121 di·-

424 2170 541 2262 cendi
564 2172 616 2275 vi,
637 2173 997 2284 sententiarumque
1014 2170 1343 2283 grauitatemque

425 2303 537 2415 copia
557 2296 646 2417 (a).
683 2300 774 2386 Non
797 2324 878 2381 erat
920 2297 1051 2417 perid
1074 2305 1261 2408 temporis
1282 2297 1339 2379 ul-

469 2665 518 2758 (ι)
532 2669 576 2734 La
592 2667 712 2748 lettera,
724 2690 781 2734 eon
794 2671 840 2734 cni
853 2669 941 2764 giielo
952 2671 1095 2736 indirizzo
1112 2673 1128 2735 ἑ
1143 2690 1161 2733 a
1174 2688 1252 2758 pag.
1264 2663 1339 2750 4⁰⁰·

427 2769 478 2836 del
492 2772 530 2841 Τ.
543 2795 590 2840 rr.
604 2767 705 2838 Part.
724 2793 748 2840 r.
763 2771 841 2838 delle
856 2796 907 2837 sue
923 2795 1011 2862 opere
1025 2777 1163 2861 impresse
1187 2774 1220 2834 in
1237 2769 1276 2840 V
1270 2793 1346 2834 erre-

426 2879 481 2940 zia
492 2876 601 2968 perio
615 2874 719 2941 Zattc
748 2875 840 2964 1758.
868 2898 927 2943 con
954 2878 985 2943 la
1009 2876 1240 2953 intitulazione,
1266 2871 1343 2938 ch'e

323 3009 325 3015 ’
375 2961 381 2980 ’
429 2979 462 3044 in
477 2981 571 3067 questi
580 2980 691 3070 precisi
706 2978 829 3041 termini
846 2983 1001 3067 concepita
1014 2999 1022 3040 :
1034 2975 1233 3068 Magnficoi
1248 2988 1347 3063 atque

430 3080 603 3148 victorioso
616 3077 660 3144 D.
675 3076 719 3144 D.
734 3074 824 3143 Kant
852 3080 942 3159 Vrbe
961 3080 1096 3148 Verona
1107 3128 1119 3160 ,
1147 3092 1181 3143 et
1207 3077 1346 3143 civitate

431 3180 584 3252 Visentia
599 3180 837 3270 Deuotissimus
863 3206 942 3247 suus
968 3173 1093 3249 Daretis
1117 3179 1340 3270 Allogherius

428 3278 640 3348 Florentinus
655 3286 816 3364 natione,
841 3307 906 3350 non
926 3286 1090 3362 moribus,
1121 3287 1222 3361 vitam
1247 3293 1340 3371 optat

423 3405 487 3474 per
501 3396 646 3473 tempora
661 3385 817 3453 diuturna
822 3385 975 3477 felicem,
986 3399 1017 3451 et
1032 3383 1176 3475 gloriosi
1189 3384 1342 3448 nominis.

472 3490 523 3574 (a)
537 3488 612 3549 Anzi
627 3507 644 3551 a
658 3489 740 3553 detta
755 3489 804 3554 del
816 3488 988 3554 Tiraboschi
1001 3489 1038 3555 T.
1046 3508 1091 3552 rr.
1103 3483 1202 3551 Part.
1219 3484 1249 3549 3.
1259 3503 1344 3573 pag.

431 3588 507 3675 950(
522 3587 770 3678 nell'elcgcnza
786 3590 880 3681 delio
894 3590 972 3655 stile
995 3588 1063 3678 egli
1078 3588 1096 3654 e*
1112 3587 1272 3678 inferiore
1301 3584 1341 3648 di

426 3690 527 3756 molto
542 3691 587 3756 ad
601 3692 685 3756 citri
694 3695 844 3760 scrittori
855 3692 911 3758 det
926 3716 984 3757 suo
1000 3678 1121 3782 tempo,-
1134 3712 1187 3754 ma
1199 3712 1222 3753 a
1236 3690 1338 3752 niuno
1422 3748 1425 3757 ,

432 3793 466 3856 ei
475 3792 552 3856 cede
566 3791 661 3857 nella
677 3797 770 3861 varia
786 3797 974 3860 eruditione
986 3791 1019 3856 d'
1032 3795 1111 3882 ogni
1125 3794 1297 3866 muniere,
1322 3811 1343 3852 e

432 3893 685 3984 singolarmente
696 3897 730 3960 in
745 3895 818 3977 citi,
833 3896 882 3960 cir*
893 3900 1087 3988 appartierre
1103 3894 1165 3961 att’
1177 3895 1339 3985 interpre-
