3142 4967
481 628 792 718 Quamvis
817 622 1175 718 Virgilius,
1199 620 1484 706 Dauus,
1504 636 1660 694 tuus
1682 629 1813 698 iste
1832 622 2241 722 recedam).

414 727 730 819 Nomen
793 732 953 824 etsi
1011 730 1207 848 solet
1259 759 1421 813 esse
1483 728 1931 842 fortunae,
1908 763 1991 816 tn
2029 735 2241 818 Dan·

387 847 519 944 =te·
534 859 974 946 vendicavit
1019 858 1258 963 ratio,
1325 863 1407 942 et
1469 857 1737 942 multis
1799 884 1920 945 est
1980 883 2246 944 aneto·

419 985 776 1073 ritatibus
837 987 1355 1094 affirmatum,
1395 1007 1510 1070 nt
1525 983 1737 1070 haud
1774 964 2245 1073 convenien-

424 1116 584 1201 tius
666 1113 794 1199 vel
869 1112 1002 1197 ille
1078 1111 1302 1198 Plato
1373 1143 1418 1196 a
1496 1110 1910 1198 latitudine
1983 1114 2248 1200 'dietus

425 1242 534 1326 sit
563 1308 586 1349 ,
629 1241 753 1329 vel
791 1239 1328 1352 Hermogenes
1364 1238 1466 1326 ab
1500 1221 1947 1359 eloquentia
1976 1307 2001 1349 ,
2040 1241 2164 1328 vel
2205 1275 2248 1328 a

433 1366 694 1457 laurea
749 1371 965 1481 virga
1028 1367 1406 1480 Virgilius
1437 1434 1460 1475 ,
1523 1369 1651 1454 vel
1690 1369 1793 1455 ab
1832 1368 2252 1457 oculorum

440 1500 819 1591 coecitate
855 1496 1255 1585 Homerus
1282 1564 1307 1606 ,
1347 1497 1474 1582 vel
1513 1527 1556 1581 a
1598 1497 1999 1616 perforatis
2040 1501 2258 1613 pedi-

443 1625 597 1712 bus
663 1628 1078 1740 Oedipus,
1145 1625 1274 1711 vel
1313 1628 1707 1744 quispiam
1748 1629 2255 1746 antiquorum

448 1753 646 1872 alius
726 1755 828 1839 ab
893 1754 1059 1837 ullo
1123 1783 1309 1838 snae
1380 1754 1694 1840 &irtutis
1758 1750 2262 1868 argumento,

450 1913 689 1996 quam
732 1883 859 1968 hic
887 1885 1182 1968 Dantes
1209 1915 1248 1965 a
1287 1882 1570 1968 dandis
1620 1883 2216 2000 quamplurimis
2241 1951 2267 1993 ‚

434 2034 512 2092 et
585 2012 674 2094 iis
739 2011 1071 2126 quidem·
1116 2011 1545 2097 utilissimis
1584 2011 1837 2115 donis.
1878 2008 2271 2095 Fortunae

462 2117 785 2221 suerunt
829 2138 1080 2230 haee
1054 2172 1135 2225 tn
1180 2141 1453 2225 Dante
1473 2137 1713 2222 bona.
1757 2110 1961 2222 filios
2000 2138 2271 2239 habuit

463 2289 803 2379 quatuor
843 2249 1190 2374 Petrum,
1240 2253 1683 2371 iacobum,
1748 2263 2176 2377 Aligerum,
2199 2290 2291 2358 et

465 2392 905 2505 Elyse‘um.
972 2394 1201 2480 Peste
1241 2418 1426 2477 sunt
1491 2392 2160 2507 oppressiAlige-r,
2196 2419 2276 2498 et

472 2522 842 2634 Elyseus‚
869 2553 1079 2615 -aenm
1120 2552 1411 2619 annum
1453 2521 2021 2609 duodecimum
2059 2522 2282 2632 alter,

471 2648 662 2733 alter
689 2680 876 2731 vero
902 2676 1265 2733 octavum
1309 2651 1781 2761 attigissent.⁴
1824 2651 2148 2734 Iacobus
2194 2684 2280 2734 ‚o-

473 2778 613 2862 biit
647 2779 932 2862 Romae
962 2810 1096 2891 per
1124 2781 1317 2864 aeris
1344 2780 1906 2894 intemperiem,
1935 2811 2116 2861 cum
2151 2779 2286 2865 illo

476 2906 872 3022 profectus
914 2937 1024 2994 est
1066 2937 1284 3022 pater
1323 2932 1580 2992 orator
1618 2903 1791 3023 (2).
1835 2906 2109 3020 Petrus
2149 2937 2283 2993 au-

561 3376 666 3468 (t)
690 3375 828 3443 Cosi
850 3376 952 3443 nel
981 3377 1242 3462 margine

541 3479 794 3556 Dante,
819 3475 1060 3570 perche
1092 3475 1388 3598 Virgilio
1415 3499 1488 3544 se
1511 3501 1599 3548 ne
1626 3479 1833 3547 vada.

573 3580 674 3671 (a)
694 3581 937 3658 Vuolsi,
965 3577 1076 3647 che
1107 3579 1210 3667 qui
1239 3579 1302 3645 lo
1329 3578 1573 3648 scrittor
1602 3595 1805 3648 nostro
1854 3577 2034 3646 abbia
2058 3581 2251 3652 errato
2273 3627 2297 3659 ,

486 3698 717 3749 mentre
738 3705 854 3749 eon
881 3683 1218 3748 documenti
1249 3679 1639 3767 irrefragabili
1688 3686 1737 3748 si
1788 3685 1820 3748 ὲ
1865 3693 2133 3759 trovato,
2185 3681 2298 3748 che

499 3784 598 3848 nel
637 3784 822 3869 1342.
872 3806 970 3850 era
1021 3804 1130 3869 pur
1175 3780 1365 3847 anche
1411 3785 1552 3850 vivo
1576 3830 1597 3863 ,
1627 3807 1660 3848 e
1709 3781 1822 3851 ebe·
1853 3805 1999 3860 3esso
2018 3831 2039 3860 ,
2097 3804 2131 3846 e
2185 3805 2303 3849 non

505 3886 725 3976 Iacopo
755 3887 958 3974 nipete
983 3887 1049 3952 di
1079 3885 1268 3950 Dante
1294 3930 1316 3963 ‚
1346 3903 1513 3952 come
1541 3885 1646 3976 qni
1675 3899 1836 3957 sotto
1862 3899 2305 3953 erroneamente

1798 3998 1847 4080 5
