3142 4967
411 531 598 638 tendere,
630 533 680 618 ita
714 533 779 651 *bie
813 536 851 618 io
888 537 1048 648 patriata
1089 533 1188 638 oilril
1224 537 1344 648 puina:

301 771 304 780 Ι
411 657 632 768 anhelavit,
650 653 771 778 quatu
794 663 939 757 viderit
960 667 1020 750 eui
1043 663 1272 772 ulciscendi,
1292 688 1339 752 et.
1452 725 1457 734 ·

412 789 698 902 propulsandae
718 793 883 880 iniuriae
907 796 1024 907 gratia
1044 826 1146 908 opus
1175 825 1255 878 esse
1274 823 1334 878 ar·

411 919 511 1020 tuis.
532 919 769 1012 Convocatis
790 925 906 1035 igitur
926 924 1110 1031 exulibus
1140 921 1335 1038 reliquie,

391 1065 395 1080 ²
416 1051 623 1156 coeperant
636 1049 1122 1142 animiamexularemulti
1137 1050 1212 1134 riri
1226 1078 1336 1162 prae·

418 1195 560 1268 anates
576 1203 737 1292 propter
751 1211 1002 1270 communem
1019 1183 1233 1296 Nigrorum
1255 1177 1335 1261 rui·

414 1335 530 1414 natu,
549 1309 713 1394 consilio
732 1335 895 1423 aenepto
919 1313 1203 1398 constituerant
1225 1302 1334 1419 apud
1404 1337 1411 1356 ·

414 1432 656 1545 Gargonaam
690 1437 885 1550 oppidum
906 1427 1055 1529 'amaea
1087 1435 1223 1523 exules
1246 1462 1327 1520 uuo

414 1588 613 1649 conventu
638 1565 816 1652 Aretiutn
836 1569 915 1673 ire,
942 1569 1078 1684 ibique
1098 1566 1335 1660 firmarent·

415 1688 527 1776 dinae
548 1692 730 1783 bellieoa.
752 1697 858 1786 Gurn
892 1696 962 1786 ino
995 1697 1257 1798 traiecissem,
1288 1714 1328 1780 ut
1390 1743 1397 1754 ·

416 1820 634 1906 exercitum
656 1824 695 1914 itt
711 1821 948 1914 facinorosae
959 1824 1082 1914 Albos
1095 1842 1341 1929 statuerunt,

356 1974 359 1979 ’
415 1970 456 2048 et
476 1949 561 2034 eiua
583 1951 863 2064 imperatorem
890 1951 1159 2048 Alexandrum
1192 1949 1338 2034 Rotae·

415 2098 547 2163 uatem
575 2078 771 2170 Comitem
800 2079 1146 2186 decreverunt,et
1181 2076 1341 2168 duode-

416 2203 496 2288 eim
516 2205 756 2294 addiderunt
770 2211 806 2294 ei
820 2207 1014 2316 cooaales,
1033 2235 1206 2326 quorum
1227 2204 1342 2317 prim

416 2357 510 2445 cepe
530 2333 605 2420 luit
624 2337 797 2446 Dautee,
818 2343 887 2455 qui
907 2370 978 2452 ,ape
1007 2337 1166 2442 doctus,
1185 2332 1346 2424 lutura.

416 2489 506 2546 ratu
526 2467 798 2576 expectatione
818 2498 952 2558 rerum
971 2471 1012 2553 ia
1037 2469 1359 2578 rationesque

418 2618 565 2674 annum
586 2591 726 2680 frustra
747 2594 948 2686 laboravit.
963 2600 1137 2684 Deeram
1151 2595 1212 2684 eui
1226 2591 1335 2680 aimi-

418 2714 477 2806 lua
497 2719 672 2838 aliquot,
691 2725 853 2843 quibus¹
870 2751 954 2813 erat
986 2726 1039 2811 ad
1069 2749 1155 2812 retu
1191 2743 1340 2808 tautam

421 2845 670 2940 alliciendam
688 2855 1221 2969 neeessaeeoopttarumqae
1233 2849 1344 2940 mul·

423 2976 594 3066 titudine
613 2981 823 3096 parabatur
841 2981 1040 3068 conlusio.
1062 2984 1262 3070 Praeterea
1277 3005 1340 3065 rea

426 3102 587 3192 bellicae
620 3111 661 3197 in
694 3109 737 3193 id
771 3108 966 3198 devenere
1000 3107 1265 3213 discriminis,
1299 3129 1343 3194 ut

427 3263 505 3320 uon
526 3235 630 3320 ferro
649 3235 844 3349 amplius,
864 3236 934 3322 aad
955 3259 1141 3346 augente,
1162 3231 1341 3348 auraque
1446 3328 1450 3341 ⁸

428 3387 715 3474 componantur
734 3388 881 3471 eastra,
912 3361 1054 3450 et't'ela
1085 3359 1316 3476 splendeant
1332 3422 1345 3450 .

427 3489 542 3600 Quid
562 3517 692 3582 autem
716 3493 775 3578 vel
792 3482 957 3604 argenti,
971 3490 1032 3574 ael
1046 3493 1132 3599 auri
1147 3488 1347 3578 traderent

430 3619 621 3704 militibus
641 3619 802 3726 exules,
822 3651 997 3735 quorum
1018 3619 1198 3712 furtunae
1218 3616 1348 3706 subla
1476 3662 1480 3666 ·

429 3765 516 3853 tte,
536 3747 683 3870 quibus
705 3757 854 3862 praeter
876 3747 1071 3876 clientelae
1084 3769 1264 3860 aupeteet
1282 3747 1347 3840 uie
