3142 4967
218 1176 328 1294 ‚p

404 581 471 642 tur
502 587 607 668 essa,
638 579 683 643 ut
715 555 765 642 de
797 552 914 645 buius
944 552 1157 642 domestica
1175 555 1314 642 contii·

401 686 523 795 tione,
549 687 725 803 tritaque,
737 711 782 768 au
800 681 977 801 moribus
1000 686 1050 768 sit
1069 681 1310 771 dicentium.

406 811 508 902 Nam
524 845 568 899 ea
581 881 593 922 ,
606 841 710 930 quse
733 810 783 896 ad
802 840 936 896 rerum
963 807 1211 926 'publicarum
1224 812 1314 898 atti·

407 951 507 1028 ‘ueut
546 937 806 1054 gubotuaeub
821 930 850 1047 ,⁸
866 937 1008 1025 soleut·
1028 966 1312 1054 nonuunquam

406 1069 639 1157 coelestibus
658 1068 744 1154 fatis
770 1067 949 1179 itaregi,
975 1067 1163 1172 seduci,
1194 1091 1240 1152 ut
1265 1069 1309 1150 iu

382 1271 384 1281 ,
404 1198 534 1283 ‘nostra
555 1220 742 1312 potestate
759 1227 842 1281 uou
862 1197 951 1283 siut.
970 1193 1102 1283 Nostri
1117 1223 1211 1282 vero
1229 1223 1314 1288 uto·

398 1329 521 1440 ‘'retiu
536 1351 665 1413 nostra
684 1333 776 1410 su'ut
788 1357 920 1412 mauu.
933 1328 1188 1441 Quamquam
1208 1327 1314 1410 euim

410 1483 489 1538 uou
505 1453 661 1540 videtur
673 1484 694 1538 a
708 1453 898 1578 Seueriuo
909 1455 1079 1568 insipide
1092 1453 1259 1556 dictum,
1272 1453 1314 1535 iu

410 1603 536 1664 nostra
565 1604 752 1693 potestate
785 1583 903 1665 situm
930 1604 990 1667 est
1015 1579 1171 1699 qualem
1191 1577 1313 1663 fortu-

409 1727 499 1792 uaru
525 1709 731 1817 malimus,
758 1736 971 1826 rursusque
997 1707 1098 1792 iliud
1123 1704 1230 1821 apud
1249 1707 1315 1790 lu·

414 1835 590 1921 venalem
610 1862 785 1950 satyrum
807 1836 990 1949 legimus:

443 1997 579 2066 Nullum
595 1999 722 2069 Numen
736 2002 841 2080 abest,
856 2005 889 2066 si
901 2005 949 2070 sit
958 2004 1157 2095 prudentia,
1170 1999 1230 2070 ted
1243 2012 1277 2069 te

440 2111 680 2204 Nosses-imus,
693 2113 854 2198 Fortuna,
870 2117 986 2199 Deum,
999 2117 1151 2208 coeloque
1162 2115 1321 2182 locamus:

407 2249 502 2338 baec
528 2279 656 2340 tamen
696 2258 759 2354 ira,
780 2283 872 2344 suut
910 2291 992 2345 esse
1029 2289 1120 2345 vera
1157 2287 1316 2345 seuseu·
1448 2344 1451 2348 ,

407 2379 484 2488 da,
510 2405 553 2466 ut
571 2415 770 2470 summum
793 2389 941 2472 bonum
973 2389 1016 2473 iu
1041 2388 1122 2474 suia
1140 2385 1315 2473 honesta·
1418 2451 1420 2456 .

409 2531 448 2594 te
464 2577 478 2613 ,
494 2533 540 2594 ut
573 2515 711 2598 Stoicis
733 2517 889 2628 placuit,
916 2502 1149 2622 statuentes,¹
1163 2501 1313 2599 uuilitu
1375 2598 1379 2602 ,

407 2637 644 2724 arbitremur
669 2641 929 2732 humanarum
962 2647 1207 2732 fortunarum
1226 2671 1315 2728 mu·

405 2769 595 2853 ’tationem
605 2771 662 2875 pie
683 2799 816 2858 nostro
828 2778 1043 2892 quicquam
1062 2771 1315 2861 uobisabttu·

407 2893 506 2982 iisse.
527 2896 650 3008 Quod
665 2903 827 3016 quidem
849 2906 899 2986 ita
920 2903 1088 2986 sentiens
1107 2903 1188 3016 ipse
1207 2900 1315 2984 Dau-

408 3046 479 3131 tes,
490 3023 743 3140 philosophus
757 3030 942 3144 optimus,
962 3031 1100 3148 virque
1114 3028 1313 3144 sapientis·

386 3152 542 3260 simus,
561 3152 758 3240 fortunam
777 3160 918 3244 iniuria
943 3158 1042 3243 dixit
1061 3158 1111 3242 ab
1135 3159 1181 3242 iia
1199 3185 1314 3244 accu·
1409 3239 1411 3243 ,

275 3305 278 3318 ’
403 3277 508 3384 sari,
542 3311 561 3363 a
602 3285 747 3396 quibus
779 3284 919 3368 debuit
953 3285 1127 3407 laudari,
1160 3287 1311 3403 quippe

403 3431 505 3528 quae
526 3409 599 3491 Dei
620 3413 668 3494 sit
690 3413 874 3498 ministra,
900 3416 1171 3525 Quamobrem
1191 3440 1230 3500 et
1251 3418 1310 3500 iu·

402 3559 463 3629 tes
483 3534 691 3645 fortunam,
705 3564 742 3624 et
764 3543 885 3637 iatum
900 3541 1010 3626 uibii
1039 3546 1224 3630 iuteresse
1244 3547 1313 3630 de·

401 3660 545 3748 claraut
566 3689 728 3775 soteres,
743 3693 781 3752 et
797 3671 955 3756 Boetius
969 3671 1034 3758 iiie
1047 3673 1307 3762 doctissimus:
