3142 4967
1038 441 1087 551 111

198 671 202 678 ,
250 581 338 668 ram
370 585 563 672 innantem
596 580 687 700 (a),
722 583 791 700 qni
825 581 932 697 epnd
966 582 1157 671 Cardena

247 735 399 819 agerat,
420 711 613 796 ‘adiissent
645 709 771 816 elam,
810 701 1156 829 promisissenrqu‘e‘

243 863 285 918 ee
324 837 380 922 illi
417 839 521 927 Praei
560 835 698 951 oppidi
731 836 1053 950 gubernationem
1082 863 1158 924 tra·

246 961 422 1074 diruens,
444 969 475 1052 ιί
509 990 734 1082 procuraret
761 994 854 1050 cnm
883 965 1052 1070 Carolo,
1088 990 1156 1075 nt,

247 1090 367 1202 pulsis
385 1127 431 1180 ex
451 1094 550 1178 urbe
571 1093 724 1203 Nigris,
751 1092 824 1176 soli
851 1091 942 1176 Albi
974 1093 1154 1178 domina·

233 1246 405 1310 rentur.
426 1222 606 1307 Adduxit
626 1222 676 1304 ad
698 1219 791 1306 haee
811 1225 949 1306 Petrus
982 1222 1064 1334 ipse
1097 1234 1152 1307 r'a·

247 1346 372 1457 bulas,
390 1354 475 1436 eius
490 1349 751 1464 promissionis
766 1350 1035 1435 testimoninm
1050 1381 1095 1435 ae
1109 1349 1155 1434 fi·

192 1568 195 1573 <
243 1472 361 1584 dem,
381 1459 477 1594 r’Juas
496 1501 536 1562 er
556 1477 783 1561 Leonardns
798 1478 982 1561 Aretinns
1000 1509 1040 1565 ee
1060 1481 1153 1562 scri'·

153 1635 155 1638 ·
243 1604 319 1711 pair
339 1604 524 1717 legissem
538 1605 684 1692 Palatio
703 1603 948 1712 Florenuno,
960 1605 1028 1689 sad
1049 1603 1170 1688 haud.

244 1729 319 1812 eibi
341 1733 460 1822 videri
483 1733 596 1840 talea,
617 1763 717 1848 qnae
751 1732 860 1814 omni
881 1755 1059 1816 carerent
1091 1764 1155 1816 su-

246 1858 441 1966 spinione
462 1860 581 1943 Hoc
571 1859 688 1972 rgiru'r
707 1860 926 1941 tabularum
945 1856 1155 1971 figmento,

246 1981 318 2067 hae
338 1982 474 2070 frande
495 1985 639 2071 factum
675 2012 757 2093 est,
794 2012 835 2069 ur
868 2016 1003 2071 omnes
1038 1986 1159 2070 Albos
1232 2050 1239 2065 ,.

248 2112 379 2198 exules
400 2114 531 2200 fecerit
552 2115 728 2222 Carolus,
749 2116 897 2229 quippe
919 2116 990 2228 qui
1010 2117 1156 2197 mirum

247 2239 286 2320 in
308 2241 471 2326 modum
491 2245 768 2343 excanduerit,
788 2241 898 2354 qnod
919 2240 990 2356 qui
1022 2244 1156 2358 aequi·

236 2362 421 2453 ‘sissimus'
438 2370 549 2479 foret,
570 2397 607 2454 er
629 2374 782 2456 Summi
805 2369 1004 2454 pontificis
1032 2371 1155 2454 nomi·

244 2522 294 2575 ne
312 2495 466 2580 'missus
500 2522 624 2603 esser,
644 2500 728 2582 eius
763 2497 951 2580 auderent
983 2526 1160 2584 eorrum-

242 2650 333 2732 pere
346 2625 521 2711 animum
538 2625 984 2739 velle‚iniqniraremqne
996 2645 1159 2736 tempta-

246 2779 310 2838 ra.
333 2753 491 2862 Damas,
513 2756 597 2872 qui,
617 2755 726 2870 qnod
747 2755 819 2836 diu
850 2752 1068 2858 anhelaret,
1102 2784 1161 2836 ar·
1244 2837 1250 2852 ,

208 2911 211 2934 ·
245 2878 460 2966 birraba'tur
481 2915 519 2966 ee
543 2886 709 2968 civitatis
741 2914 823 2967 esse
844 2913 978 2995 pacem
1012 2911 1161 2965 assecu-

245 3026 359 3117 tum,
379 3031 545 3126 eamque
565 3013 768 3098 oblaturus
789 3017 954 3098 Summo
974 3006 1158 3094 Pontifici

242 3133 406 3218 Romam
418 3139 550 3241 iverat,
565 3139 671 3222 urbia
687 3141 843 3223 nornine
858 3141 993 3221 missua
1007 3159 1147 3242 orator,

248 3263 356 3376 apud
377 3262 608 3351 Pontificem
628 3271 775 3355 aberat.
796 3270 878 3381 Qui
901 3268 1162 3349 meminerant
1228 3266 1233 3272 ’

163 3791 166 3795 .
278 3737 330 3824 (ι)
344 3736 425 3803 Deve
439 3736 502 3805 dire
514 3738 652 3809 Patrem
665 3735 832 3819 Formati,
857 3737 906 3806 ch‘
917 3759 968 3807 era
984 3736 1096 3805 Baroue
1126 3733 1158 3806 <li
1203 3766 1205 3778 ·

253 3831 343 3906 Garle
358 3838 389 3906 di
403 3837 528 3910 Valoi's'
622 3929 626 3941 Ι
703 3847 725 3914 ·ἰ
