3142 4967
929 546 1063 604 XXXVII

208 644 364 749 Petrus
384 660 530 773 Aliger
550 662 710 748 Dentis
730 664 891 749 Poetae
909 669 1134 775 ‘pronepos‘

206 794 453 908 magnfficis,
467 794 791 911 clarissimisque
805 778 1047 876 oiris‘Petro
1068 790 1121 875 rie

206 917 419 1037 Medicis,
438 937 479 1007 et
508 924 553 1009 T
549 910 694 1009 lsomae
728 932 932 1017 Soderino
951 922 1121 1032 Equiti,

207 1050 468 1144 Florentinis
499 1055 817 1167 Optimatibus,
851 1074 889 1141 et
917 1053 1122 1138 Patriciis

558 1184 763 1273 Salutem.
791 1203 794 1211 '
1134 1208 1137 1214 ·

269 1428 450 1527 Dudum
464 1446 650 1555 cupienti
668 1444 772 1528 milzi
784 1445 1048 1532 Florentiam
1068 1429 1123 1521 ciss

213 1575 386 1659 uitatem
415 1572 622 1660 illustrem
662 1572 813 1679 adire,
844 1568 957 1658 unde
996 1572 1138 1651 maio-⁵

210 1732 275 1787 res
301 1730 411 1791 meos
443 1706 649 1818 originem
670 1701 821 1787 ducere
847 1721 932 1787 non
958 1696 1136 1781 dubita·

206 1863 324 1941 rem,
357 1853 450 1918 tum
481 1864 560 1949 pro
593 1814 705 1939 situ,
730 1829 1123 1947 magnificentiaque

202 1964 340 2071 urbis,
375 1994 455 2081 quo
487 1977 647 2047 ceteras
676 1960 838 2077 ,Italiae
869 1955 1135 2073 praecellere·
1216 2057 1220 2072 ,

204 2087 423 2175 audieram
427 2127 447 2195 ,·
461 2112 551 2172 tum
560 2122 641 2205 pro
655 2094 752 2175 uiris
762 2089 1006 2189 illustribus,
1019 2089 1122 2197 opti-

206 2222 364 2338 misque
383 2220 538 2305 ciuibus
552 2224 665 2325 eius,
689 2222 832 2335 quibus
846 2212 1135 2327 refertissima·

201 2364 291 2451 est,
321 2344 622 2462 agnoscendis,
652 2363 886 2457 opportune
917 2346 1122 2455 superiori
1135 2370 1138 2376 ·

204 2502 318 2559 aurio
339 2468 593 2560 occasionem
607 2475 804 2581 attulisti,
823 2469 1140 2585 vir'magnifiee

205 2604 251 2687 T
246 2594 650 2719 lsoma,collegaque
689 2622 784 2689 tuus
822 2600 1122 2690 lacobusGui·
1218 2598 1222 2606 ’

200 2728 431 2838 amelinus,
464 2738 538 2848 qui
556 2728 853 2818 Mediolanum
869 2732 1026 2844 Legati
1040 2760 1119 2839 pro

179 2856 407 2967 firmanda
428 2860 584 2945 Italiae
601 2890 706 2969 pace
726 2859 993 2961 aecedentes,
1015 2856 1139 2940 dum·

197 2987 391 3075 Veronae
412 2993 567 3092 essetis,
588 3020 654 3071 rue
673 2990 870 3099 utfilium
895 2986 1118 3069 dilectissi-

158 3102 159 3107 ¹
195 3146 311 3197 mum
332 3132 453 3199 tanta
480 3114 716 3219 hilaritate,
729 3132 769 3199 et
791 3109 1115 3198 mansuetudine

191 3235 438 3357 suscepistis,
452 3264 497 3327 ut
518 3274 719 3328 enarrare
740 3244 918 3357 dffeilc
937 3248 1014 3357 sit,
1038 3242 1114 3327 acl-

192 3375 408 3457 lmrtantes
448 3366 696 3495 quandoque
736 3371 883 3460 uellem
907 3380 968 3493 in
1002 3379 1143 3458 auti·'

194 3534 318 3616 quam
359 3496 556 3587 Patriam
598 3534 662 3585 me
696 3504 923 3612 conflare,
949 3512 1110 3590 uisurus

191 3647 319 3736 quum
343 3647 491 3724 curus,
512 3650 640 3733 quam
670 3618 898 3707 honoratus
928 3650 1107 3735 proauus

190 3765 304 3817 meus
324 3737 516 3819 Dentes
538 3754 652 3819 suae·
680 3739 967 3847 amplissimae
982 3748 988 3761 “
1006 3744 1105 3825 Rem
1131 3773 1136 3783 ·

180 3851 370 3963 publicae
409 3871 537 3960 esset,
561 3882 696 3966 ·quem
735 3874 879 3941 statua
901 3859 1010 3968 fere
1043 3862 1139 3943 ri·¹

697 4047 700 4056 .
778 3983 811 4065 d
