3142 4967
526 409 580 497 50

448 575 535 664 spes
554 569 650 638 esset
669 546 820 667 reliqna
843 567 978 663 neque
997 543 1126 657 belin,
1153 570 1285 670 unque
1304 580 1373 670 pn·

447 709 513 789 cs,
533 711 604 766 nec
618 680 763 794 grstia,
786 703 859 763 nec
878 678 1059 763 amicitiis
1072 683 1112 764 in
1128 686 1291 795 petriam
1312 686 1373 771 te*-

449 808 626 914 dauudi,
657 810 820 924 iamque
841 805 981 892 fnisset
1001 809 1216 920 impacatus
1237 803 1379 901 Ruma-

446 925 1375 1050 notumslectnsHansicushneimbnsgus,uu·

391 1075 400 1106 ⁵
442 1065 505 1149 ins
525 1060 744 1170 electione,
764 1063 1023 1178 adventuque
1058 1065 1100 1146 in
1129 1063 1282 1152 ltsiietu
1311 1089 1371 1152 tes

447 1189 699 1276 maximse'ab
712 1191 898 1275 omuibus
918 1189 1186 1302 sperabantur,
1208 1213 1365 1278 sevum·

450 1339 516 1404 tus
535 1340 593 1404 est
611 1343 633 1402 a
652 1312 812 1412 Nemesi
831 1321 872 1401 t'u
892 1318 1071 1403 dotorem
1092 1320 1362 1425 iustissimum,
1464 1423 1468 1429 ¹

443 1441 655 1568 coepitque
683 1443 744 1532 sui
769 1446 924 1532 caditat
949 1465 1086 1531 rursus
1110 1465 1212 1532 nuta
1231 1449 1358 1534 tenui

442 1597 538 1690 ερας
568 1597 658 1662 uam
691 1575 803 1693 quod
831 1577 949 1660 nimis
976 1577 1106 1660 misssi
1133 1565 1353 1690 a‘ppatnm,
1406 1661 1412 1678 ,

442 1703 518 1789 huc
549 1693 661 1790 facile
693 1704 885 1792 eredunt.
917 1703 1127 1792 Gattasam
1156 1704 1263 1791 euim
1290 1730 1350 1794 tes
1490 1756 1494 1764 ·

440 1836 510 1918 etsi
538 1836 721 1920 minimae
741 1863 893 1948 semper
914 1828 1039 1941 snut‘,
1071 1855 1255 1951 annoque
1287 1837 1353 1923 vix

439 1957 641 2050 consectae
661 1963 894 2073 centesimo,
911 1963 1038 2049 soient
1056 1988 1199 2069 tamen,
1218 1963 1350 2050 neseio
1446 2012 1449 2021 ,

436 2121 515 2206 qus
535 2093 743 2204 depravata
765 2091 872 2204 vulgi
905 2092 1162 2199 credulitate,
1182 2091 1349 2207 popule·

434 2249 524 2304 rum
541 2239 761 2307 nostrornm
782 2225 926 2333 erigere
940 2250 1070 2329 antes,
1090 2241 1350 2337 magnamque

435 2346 487 2428 de
507 2378 547 2432 se
561 2371 670 2460 spetn
691 2352 906 2457 coniicere,
929 2348 1097 2464 fecitque
1117 2346 1248 2432 hneiu
1267 2349 1346 2460 pri·
1478 2398 1482 2411 ·

353 2499 356 2505 ’
403 2511 407 2520 ·
433 2474 506 2558 mis
539 2499 813 2590 oppressurum
842 2474 1005 2582 natura,
1034 2475 1342 2588 cupiditatisque

432 2595 633 2710 conditio,
668 2623 711 2690 nt
739 2589 803 2690 iel
831 2606 1010 2689 minimas
1030 2627 1209 2720 quasque
1241 2604 1341 2685 vites

343 2771 346 2778 ⁴
432 2729 506 2816 sibi
530 2731 749 2843 profuturas
776 2730 1344 2848 essegducsnt.ansmobretu

431 2853 590 2941 elatiore
618 2859 751 2943 animo
773 2851 920 2946 Dentes
940 2892 1060 2978 qnam
1080 2884 1191 2945 untes
1220 2856 1339 2940 suerit

434 2991 670 3100 unquamin
692 2979 845 3077 ruinam
865 2991 1113 3076 inimicorum
1135 3009 1344 3103 procuran-

432 3112 524 3200 dam
544 3107 735 3224 nedictus,
745 3142 783 3202 et
797 3121 999 3205 restitutus
1011 3145 1081 3225 est,
1095 3148 1195 3236 quus
1207 3117 1345 3201 inteili-

427 3265 537 3352 gettet
558 3263 682 3360 usque
701 3243 801 3330 adao
815 3245 1064 3334 humanitatis
1077 3272 1274 3363 expertes,
1294 3266 1340 3328 nt

429 3368 537 3455 uuila
562 3393 725 3490 qnoque
751 3373 993 3461 humanitate
1022 3380 1130 3490 digni
1157 3377 1340 3460 videren-

428 3517 507 3583 tur.
537 3498 590 3582 At
615 3531 721 3584 cusu
736 3526 774 3587 et
793 3507 1054 3614 attentatione,
1073 3523 1114 3588 et
1133 3505 1275 3607 minis,
1295 3520 1337 3583 et

137 3696 142 3704 ,
274 3707 283 3726 ‚
427 3625 536 3728 omni
558 3628 719 3711 consilio
745 3628 785 3715 itt
806 3629 840 3728 F
841 3630 1044 3716 lotentiam
1064 3627 1340 3729 obsidendam,

429 3757 780 3874 occupandamque
808 3760 1085 3873 imperatorem
1113 3767 1338 3851 concitasset
