3142 4967
167 572 181 656 1
218 589 372 681 ,βψω
395 555 487 651 'exul
505 554 628 647 taen
648 548 899 643 factiosorum
925 556 1162 676 importuni·

248 713 338 802 tate,
357 713 399 807 et
418 685 525 778 nulla
544 687 621 772 luit
640 683 677 770 e'i
695 683 863 799 amplios
881 688 1160 800 spes-redeun-

249 814 292 902 di
312 817 551 906 Florentiam
583 813 792 933 aequavi,
810 842 885 897 oec
904 841 1020 925 proce
1035 882 1047 927 ,
1064 816 1162 904 Cre·

245 971 383 1032 monae
398 945 569 1066 primum
592 936 855 1054 philosophiae
874 939 1028 1027 studuit
1048 967 1160 1031 natu·
1256 1018 1259 1023 .

241 1071 331 1180 sali,
351 1103 396 1158 ac
421 1067 623 1176 rationali,
654 1067 841 1154 moralem
861 1069 969 1153 enim
995 1068 1159 1158 audire·

238 1223 299 1287 rat
318 1231 340 1286 a
359 1200 503 1288 Latino
522 1219 783 1311 praeceptore,
796 1193 1102 1316 Albertumqtre,
1115 1229 1160 1287 ac

238 1326 393 1424 Divum
412 1325 609 1422 Thomam
640 1321 953 1411 familiarissimos
973 1323 1158 1413 reddide-
1278 1331 1281 1335 ’

237 1477 307 1538 rar.
328 1455 428 1566 sibi3
459 1450 604 1544 deinde
625 1448 793 1564 Neapoli
823 1452 978 1538 tamdiu
1001 1456 1154 1543 vacarit
1284 1542 1287 1545 .
1383 1474 1386 1485 '

236 1580 413 1700 logicae,
430 1605 474 1668 et
493 1578 713 1666 mirabilem
731 1602 770 1666 et
789 1610 818 1663 a.
832 1579 976 1665 Ioanne
995 1583 1155 1692 comite,

176 1768 182 1786 2
243 1711 321 1828 qui
336 1711 503 1800 docebat
516 1709 760 1818 Cremonae,
781 1734 822 1796 et
838 1705 998 1799 aPau10
1017 1707 1158 1799 Archi·

240 1869 319 1950 no,
350 1843 422 1958 qai
442 1839 609 1930 docebat
633 1838 818 1954 Neapoli,
836 1863 1012 1959 utroque
1029 1839 1155 1955 philo·

237 1968 1084 2086 sopboacutissimo,etdoctissioro‚luudem
1097 2001 1159 2058 re-

232 2087 393 2209 portarit
406 2099 608 2222 (t).Hunc
623 2098 809 2210 deinceps
821 2096 991 2182 Parisios
1003 2095 1159 2186 Galliae

137 2235 138 2240 ‘
233 2225 511 2340 Transalpinas
532 2227 658 2313 tenuit
677 2223 906 2338 aliquandiu
921 2226 1069 2336 civitas,
1083 2227 1155 2314 ubt

236 2350 558 2444 florentissimum
572 2383 728 2467 semper
741 2350 1158 2472 fnitphilosophornm.

238 2483 443 2591 studium,
476 2483 721 2600 habeturque
741 2484 782 2568 in
810 2481 946 2597 primis
965 2490 1005 2590 in
1025 2489 1156 2602 pretio

238 2641 317 2696 non
337 2613 528 2699 mediocri
547 2613 835 2698 dialecticalis
856 2615 897 2696 in
917 2616 1070 2701 civitate
1089 2615 1151 2699 di·
1240 2696 1242 2701 ,

236 2742 409 2851 epotavit
453 2771 764 2856 saepenumero,
797 2762 1025 2858 tutatusque
1070 2741 1149 2828 suit
1237 2765 1240 2770 “
1312 2780 1325 2799 a

157 2861 160 2869 ’
240 2866 510 2956 conclusiones
529 2859 828 2982 apertissimas,
845 2895 886 2957 et
904 2868 1156 2956 difficillimas

240 2993 507 3094 dubitationes
558 3000 716 3112 optimis
755 2994 1155 3111 argumentationibus
1254 3046 1258 3050 ·

285 3331 336 3424 (r)
350 3333 390 3402 Di
401 3337 577 3431 qnantoqnl
587 3338 652 3409 lice
666 3339 698 3410 lo
711 3339 831 3412 scrittor
845 3356 945 3412 nostro
965 3341 1046 3429 ‹tegtt
1061 3344 1152 3413 studii

242 3431 312 3502 letti
338 3437 377 3504 da
409 3441 505 3507 Dante
533 3467 550 3508 e
579 3447 611 3512 in
626 3445 793 3528 Cremona,
807 3471 824 3512 e
838 3449 870 3512 in
885 3446 1007 3537 Napoli,
1023 3459 1083 3514 non
1097 3448 1156 3516 ab·

244 3538 534 3610 biamo·docnmento
550 3544 677 3626 alcone,
702 3547 759 3615 obe
784 3546 833 3616 orl
854 3551 1029 3638 compteri.
1044 3546 1152 3615 iniatti

246 3644 398 3714 Leonardo
413 3650 538 3729 Aretino
551 3649 630 3715 nella
644 3653 676 3717 di
691 3651 732 3716 lui
747 3651 888 3736 diligente
902 3655 964 3719 rita
979 3673 1038 3723 non
1060 3673 1097 3717 ne
1122 3649 1153 3717 ia

245 3761 340 3816 motto
353 3751 479 3828 alcone,
495 3744 578 3818 come
594 3775 736 3842 nappure,
751 3752 839 3819 cb'e'
851 3752 926 3821 iesse
958 3779 1010 3844 per
1025 3775 1154 3844 apprcn·
1176 3768 1179 3773 '

246 3853 314 3928 clere
328 3853 478 3922 lescicnze
494 3855 672 3940 Tcologichc
703 3855 772 3920 nell’
785 3855 1000 3923 Vniversittdi
1016 3856 1120 3940 Parigi.
