<?xml version="1.0" encoding="UTF-8"?>
<!DOCTYPE html PUBLIC "-//W3C//DTD XHTML 1.0 Transitional//EN"
    "http://www.w3.org/TR/xhtml1/DTD/xhtml1-transitional.dtd">
<html xmlns="http://www.w3.org/1999/xhtml" xml:lang="en" lang="en">
 <head>
  <title>
</title>
<meta http-equiv="Content-Type" content="text/html;charset=utf-8" />
  <meta name='ocr-system' content='tesseract 3.04.00' />
  <meta name='ocr-capabilities' content='ocr_page ocr_carea ocr_par ocr_line ocrx_word'/>
</head>
<body>
  <div class='ocr_page' id='page_1' title='image "./vitadantisaligh00moregoog_0082.png"; bbox 0 0 3142 4967; ppageno 0'>
   <div class='ocr_carea' id='block_1_1' title="bbox 1055 377 1099 458">
    <p class='ocr_par' dir='ltr' id='par_1_1' title="bbox 1055 377 1099 458">
     <span class='ocr_line' id='line_1_1' title="bbox 1055 377 1099 458; baseline -0.091 0"><span class='ocrx_word' id='word_1_1' title='bbox 1055 377 1099 458; x_wconf 70' lang='lat' dir='ltr'><strong>dr</strong></span> 
     </span>
    </p>
   </div>
   <div class='ocr_carea' id='block_1_2' title="bbox 129 509 1281 2424">
    <p class='ocr_par' dir='ltr' id='par_1_2' title="bbox 129 509 1281 1652">
     <span class='ocr_line' id='line_1_2' title="bbox 247 509 1163 636; baseline -0.012 -37"><span class='ocrx_word' id='word_1_2' title='bbox 247 543 286 600; x_wconf 87' lang='lat' dir='ltr'><strong>tr</strong></span> <span class='ocrx_word' id='word_1_3' title='bbox 303 538 492 636; x_wconf 66' lang='lat' dir='ltr'><strong>vvernetis</strong></span> <span class='ocrx_word' id='word_1_4' title='bbox 511 532 669 597; x_wconf 86' lang='lat' dir='ltr'><strong>coaetus</strong></span> <span class='ocrx_word' id='word_1_5' title='bbox 689 511 736 594; x_wconf 82' lang='lat' dir='ltr'><strong>sis</strong></span> <span class='ocrx_word' id='word_1_6' title='bbox 757 509 876 624; x_wconf 58' lang='lat' dir='ltr'><strong>panio</strong></span> <span class='ocrx_word' id='word_1_7' title='bbox 897 537 982 630; x_wconf 87' lang='lat' dir='ltr'><strong>post</strong></span> <span class='ocrx_word' id='word_1_8' title='bbox 995 545 1081 603; x_wconf 84' lang='lat' dir='ltr'><strong>earn</strong></span> <span class='ocrx_word' id='word_1_9' title='bbox 1101 509 1163 593; x_wconf 85' lang='lat' dir='ltr'><strong>di·</strong></span> 
     </span>
     <span class='ocr_line' id='line_1_3' title="bbox 246 621 1163 763; baseline -0.004 -41"><span class='ocrx_word' id='word_1_10' title='bbox 246 637 433 760; x_wconf 79' lang='lat' dir='ltr'><strong>gnitatem</strong></span> <span class='ocrx_word' id='word_1_11' title='bbox 467 638 688 756; x_wconf 75' lang='lat' dir='ltr'><strong>relinquere</strong></span> <span class='ocrx_word' id='word_1_12' title='bbox 727 621 871 733; x_wconf 79' lang='lat' dir='ltr'><strong>Dauies</strong></span> <span class='ocrx_word' id='word_1_13' title='bbox 905 643 1096 763; x_wconf 77' lang='lat' dir='ltr'><strong>patriam,</strong></span> <span class='ocrx_word' id='word_1_14' title='bbox 1118 668 1163 720; x_wconf 88' lang='lat' dir='ltr'><strong>ea</strong></span> 
     </span>
     <span class='ocr_line' id='line_1_4' title="bbox 248 769 1168 885; baseline -0.007 -29"><span class='ocrx_word' id='word_1_15' title='bbox 248 791 320 885; x_wconf 85' lang='lat' dir='ltr'><strong>est,</strong></span> <span class='ocrx_word' id='word_1_16' title='bbox 340 798 462 882; x_wconf 77' lang='lat' dir='ltr'><strong>quam</strong></span> <span class='ocrx_word' id='word_1_17' title='bbox 486 769 723 857; x_wconf 81' lang='lat' dir='ltr'><strong>Bouchacitrs</strong></span> <span class='ocrx_word' id='word_1_18' title='bbox 758 771 862 852; x_wconf 88' lang='lat' dir='ltr'><strong>sicco</strong></span> <span class='ocrx_word' id='word_1_19' title='bbox 884 770 1079 883; x_wconf 85' lang='lat' dir='ltr'><strong>praeteriit</strong></span> <span class='ocrx_word' id='word_1_20' title='bbox 1100 796 1168 877; x_wconf 83' lang='lat' dir='ltr'><strong>pe·</strong></span> 
     </span>
     <span class='ocr_line' id='line_1_5' title="bbox 246 891 1242 1016; baseline -0.008 -33"><span class='ocrx_word' id='word_1_21' title='bbox 246 896 319 1002; x_wconf 90' lang='lat' dir='ltr'><strong>de,</strong></span> <span class='ocrx_word' id='word_1_22' title='bbox 340 929 458 1016; x_wconf 78' lang='lat' dir='ltr'><strong>qnam</strong></span> <span class='ocrx_word' id='word_1_23' title='bbox 477 899 652 1002; x_wconf 83' lang='lat' dir='ltr'><strong>nesniret,</strong></span> <span class='ocrx_word' id='word_1_24' title='bbox 668 895 899 992; x_wconf 85' lang='lat' dir='ltr'><strong>Leooardus</strong></span> <span class='ocrx_word' id='word_1_25' title='bbox 919 923 1050 994; x_wconf 80' lang='lat' dir='ltr'><strong>autem</strong></span> <span class='ocrx_word' id='word_1_26' title='bbox 1070 900 1169 983; x_wconf 67' lang='lat' dir='ltr'><strong>dre·⁴</strong></span> <span class='ocrx_word' id='word_1_27' title='bbox 1239 891 1242 894; x_wconf 69' lang='grc'><strong><em>’</em></strong></span> 
     </span>
     <span class='ocr_line' id='line_1_6' title="bbox 236 1024 1160 1141; baseline 0 -33"><span class='ocrx_word' id='word_1_28' title='bbox 236 1027 351 1122; x_wconf 69' lang='lat' dir='ltr'><strong>=tinus</strong></span> <span class='ocrx_word' id='word_1_29' title='bbox 371 1026 577 1138; x_wconf 73' lang='lat' dir='ltr'>diligenter</span> <span class='ocrx_word' id='word_1_30' title='bbox 598 1029 843 1138; x_wconf 71' lang='lat' dir='ltr'><strong>expresserit,</strong></span> <span class='ocrx_word' id='word_1_31' title='bbox 862 1029 933 1141; x_wconf 81' lang='lat' dir='ltr'><strong>qui</strong></span> <span class='ocrx_word' id='word_1_32' title='bbox 954 1031 1038 1110; x_wconf 90' lang='lat' dir='ltr'><strong>eius</strong></span> <span class='ocrx_word' id='word_1_33' title='bbox 1060 1024 1160 1115; x_wconf 84' lang='lat' dir='ltr'><strong>tem-</strong></span> 
     </span>
     <span class='ocr_line' id='line_1_7' title="bbox 245 1147 1171 1266; baseline -0.006 -29"><span class='ocrx_word' id='word_1_34' title='bbox 245 1155 406 1266; x_wconf 71' lang='lat' dir='ltr'><strong>pestatis</strong></span> <span class='ocrx_word' id='word_1_35' title='bbox 429 1154 628 1252; x_wconf 80' lang='lat' dir='ltr'><strong>historiam</strong></span> <span class='ocrx_word' id='word_1_36' title='bbox 649 1153 814 1266; x_wconf 86' lang='lat' dir='ltr'><strong>scripsit.</strong></span> <span class='ocrx_word' id='word_1_37' title='bbox 836 1153 943 1238; x_wconf 89' lang='lat' dir='ltr'><strong>Cum</strong></span> <span class='ocrx_word' id='word_1_38' title='bbox 959 1157 1059 1247; x_wconf 84' lang='lat' dir='ltr'><strong>inter</strong></span> <span class='ocrx_word' id='word_1_39' title='bbox 1072 1147 1171 1237; x_wconf 83' lang='lat' dir='ltr'><strong>Gat-</strong></span> 
     </span>
     <span class='ocr_line' id='line_1_8' title="bbox 245 1279 1171 1398; baseline -0.021 -17"><span class='ocrx_word' id='word_1_40' title='bbox 245 1279 356 1392; x_wconf 66' lang='lat' dir='ltr'><strong>phos,</strong></span> <span class='ocrx_word' id='word_1_41' title='bbox 376 1282 680 1398; x_wconf 81' lang='lat' dir='ltr'><strong>Gibeilinosque</strong></span> <span class='ocrx_word' id='word_1_42' title='bbox 702 1307 814 1370; x_wconf 85' lang='lat' dir='ltr'><strong>retus</strong></span> <span class='ocrx_word' id='word_1_43' title='bbox 828 1306 936 1389; x_wconf 88' lang='lat' dir='ltr'><strong>esset,</strong></span> <span class='ocrx_word' id='word_1_44' title='bbox 953 1309 992 1364; x_wconf 88' lang='lat' dir='ltr'><strong>et</strong></span> <span class='ocrx_word' id='word_1_45' title='bbox 1013 1280 1171 1364; x_wconf 76' lang='lat' dir='ltr'><strong>sacriora</strong></span> 
     </span>
     <span class='ocr_line' id='line_1_9' title="bbox 129 1406 1281 1520; baseline 0 -28"><span class='ocrx_word' id='word_1_46' title='bbox 129 1461 138 1482; x_wconf 52' lang='lat' dir='ltr'>f</span> <span class='ocrx_word' id='word_1_47' title='bbox 245 1407 568 1499; x_wconf 81' lang='lat' dir='ltr'><strong>Florentinorum</strong></span> <span class='ocrx_word' id='word_1_48' title='bbox 596 1411 761 1520; x_wconf 88' lang='lat' dir='ltr'><strong>seditio,</strong></span> <span class='ocrx_word' id='word_1_49' title='bbox 782 1413 823 1494; x_wconf 90' lang='lat' dir='ltr'><strong>iu</strong></span> <span class='ocrx_word' id='word_1_50' title='bbox 845 1409 887 1494; x_wconf 91' lang='lat' dir='ltr'><strong>id</strong></span> <span class='ocrx_word' id='word_1_51' title='bbox 920 1412 1084 1497; x_wconf 86' lang='lat' dir='ltr'><strong>demum</strong></span> <span class='ocrx_word' id='word_1_52' title='bbox 1113 1432 1171 1492; x_wconf 87' lang='lat' dir='ltr'><strong>est</strong></span> <span class='ocrx_word' id='word_1_53' title='bbox 1279 1406 1281 1409; x_wconf 64' lang='grc'><strong>’</strong></span> 
     </span>
     <span class='ocr_line' id='line_1_10' title="bbox 247 1531 1234 1652; baseline -0.002 -33"><span class='ocrx_word' id='word_1_54' title='bbox 247 1537 403 1632; x_wconf 80' lang='lat' dir='ltr'><strong>redacta</strong></span> <span class='ocrx_word' id='word_1_55' title='bbox 425 1569 510 1644; x_wconf 88' lang='lat' dir='ltr'><strong>res,</strong></span> <span class='ocrx_word' id='word_1_56' title='bbox 532 1562 574 1624; x_wconf 89' lang='lat' dir='ltr'><strong>ut</strong></span> <span class='ocrx_word' id='word_1_57' title='bbox 598 1531 731 1650; x_wconf 84' lang='lat' dir='ltr'><strong>pulsis,</strong></span> <span class='ocrx_word' id='word_1_58' title='bbox 752 1539 1075 1652; x_wconf 76' lang='lat' dir='ltr'><strong>consumptisque</strong></span> <span class='ocrx_word' id='word_1_59' title='bbox 1097 1533 1170 1619; x_wconf 87' lang='lat' dir='ltr'><strong>Gi·</strong></span> <span class='ocrx_word' id='word_1_60' title='bbox 1230 1588 1234 1593; x_wconf 67' lang='lat'>=</span> 
     </span>
    </p>

    <p class='ocr_par' dir='ltr' id='par_1_3' title="bbox 249 1664 1270 2424">
     <span class='ocr_line' id='line_1_11' title="bbox 249 1664 1170 1784; baseline -0.01 -28"><span class='ocrx_word' id='word_1_61' title='bbox 249 1664 406 1755; x_wconf 77' lang='lat' dir='ltr'><strong>bellidis</strong></span> <span class='ocrx_word' id='word_1_62' title='bbox 427 1666 507 1752; x_wconf 85' lang='lat' dir='ltr'><strong>soii-</strong></span> <span class='ocrx_word' id='word_1_63' title='bbox 520 1692 718 1780; x_wconf 80' lang='lat' dir='ltr'><strong>regnarent</strong></span> <span class='ocrx_word' id='word_1_64' title='bbox 740 1667 988 1784; x_wconf 82' lang='lat' dir='ltr'><strong>Geipbi.Sed</strong></span> <span class='ocrx_word' id='word_1_65' title='bbox 1007 1691 1050 1750; x_wconf 94' lang='lat' dir='ltr'><strong>ut</strong></span> <span class='ocrx_word' id='word_1_66' title='bbox 1068 1669 1170 1749; x_wconf 87' lang='lat' dir='ltr'><strong>inter</strong></span> 
     </span>
     <span class='ocr_line' id='line_1_12' title="bbox 254 1793 1171 1910; baseline 0 -34"><span class='ocrx_word' id='word_1_67' title='bbox 254 1823 320 1876; x_wconf 85' lang='lat' dir='ltr'><strong>eos</strong></span> <span class='ocrx_word' id='word_1_68' title='bbox 339 1824 485 1899; x_wconf 87' lang='lat' dir='ltr'><strong>rursus,</strong></span> <span class='ocrx_word' id='word_1_69' title='bbox 500 1799 568 1910; x_wconf 91' lang='lat' dir='ltr'><strong>qui</strong></span> <span class='ocrx_word' id='word_1_70' title='bbox 584 1793 734 1880; x_wconf 85' lang='lat' dir='ltr'><strong>assidua</strong></span> <span class='ocrx_word' id='word_1_71' title='bbox 751 1821 932 1881; x_wconf 87' lang='lat' dir='ltr'><strong>rotantur</strong></span> <span class='ocrx_word' id='word_1_72' title='bbox 946 1796 1171 1898; x_wconf 75' lang='lat' dir='ltr'><strong>ambitione,</strong></span> 
     </span>
     <span class='ocr_line' id='line_1_13' title="bbox 257 1919 1270 2039; baseline -0.002 -33"><span class='ocrx_word' id='word_1_73' title='bbox 257 1919 1174 2039; x_wconf 81' lang='lat' dir='ltr'><strong>solentinvidiae‚suspicionesqueincidere,di·</strong></span> <span class='ocrx_word' id='word_1_74' title='bbox 1267 1998 1270 2004; x_wconf 88' lang='lat'><em>.</em></span> 
     </span>
     <span class='ocr_line' id='line_1_14' title="bbox 261 2049 1171 2168; baseline 0.002 -38"><span class='ocrx_word' id='word_1_75' title='bbox 261 2050 339 2133; x_wconf 83' lang='lat' dir='ltr'><strong>visa</strong></span> <span class='ocrx_word' id='word_1_76' title='bbox 353 2073 409 2134; x_wconf 88' lang='lat' dir='ltr'><strong>est</strong></span> <span class='ocrx_word' id='word_1_77' title='bbox 424 2050 484 2134; x_wconf 89' lang='lat' dir='ltr'><strong>vel</strong></span> <span class='ocrx_word' id='word_1_78' title='bbox 499 2049 573 2136; x_wconf 82' lang='lat' dir='ltr'><strong>Gar</strong></span> <span class='ocrx_word' id='word_1_79' title='bbox 579 2051 747 2165; x_wconf 90' lang='lat' dir='ltr'><strong>phorum</strong></span> <span class='ocrx_word' id='word_1_80' title='bbox 762 2052 890 2159; x_wconf 86' lang='lat' dir='ltr'><strong>factio,</strong></span> <span class='ocrx_word' id='word_1_81' title='bbox 903 2052 1073 2168; x_wconf 87' lang='lat' dir='ltr'><strong>fecitque</strong></span> <span class='ocrx_word' id='word_1_82' title='bbox 1093 2051 1171 2132; x_wconf 90' lang='lat' dir='ltr'><strong>dis·</strong></span> 
     </span>
     <span class='ocr_line' id='line_1_15' title="bbox 262 2179 1175 2292; baseline -0.002 -30"><span class='ocrx_word' id='word_1_83' title='bbox 262 2179 390 2262; x_wconf 84' lang='lat' dir='ltr'><strong>sensio</strong></span> <span class='ocrx_word' id='word_1_84' title='bbox 403 2179 649 2289; x_wconf 86' lang='lat' dir='ltr'><strong>animorum,</strong></span> <span class='ocrx_word' id='word_1_85' title='bbox 670 2207 714 2268; x_wconf 93' lang='lat' dir='ltr'><strong>ut</strong></span> <span class='ocrx_word' id='word_1_86' title='bbox 735 2180 799 2263; x_wconf 90' lang='lat' dir='ltr'><strong>alii</strong></span> <span class='ocrx_word' id='word_1_87' title='bbox 820 2181 958 2292; x_wconf 85' lang='lat' dir='ltr'><strong>Nigri,</strong></span> <span class='ocrx_word' id='word_1_88' title='bbox 977 2180 1041 2262; x_wconf 86' lang='lat' dir='ltr'><strong>alii</strong></span> <span class='ocrx_word' id='word_1_89' title='bbox 1068 2179 1175 2262; x_wconf 85' lang='lat' dir='ltr'><strong>dico·</strong></span> 
     </span>
     <span class='ocr_line' id='line_1_16' title="bbox 262 2304 1170 2424; baseline 0.001 -38"><span class='ocrx_word' id='word_1_90' title='bbox 262 2332 397 2390; x_wconf 86' lang='lat' dir='ltr'><strong>rentur</strong></span> <span class='ocrx_word' id='word_1_91' title='bbox 417 2304 537 2413; x_wconf 86' lang='lat' dir='ltr'><strong>Albi,</strong></span> <span class='ocrx_word' id='word_1_92' title='bbox 563 2307 796 2424; x_wconf 87' lang='lat' dir='ltr'><strong>diversaque</strong></span> <span class='ocrx_word' id='word_1_93' title='bbox 829 2307 1170 2418; x_wconf 77' lang='lat' dir='ltr'><strong>cognominatione</strong></span> 
     </span>
    </p>
   </div>
   <div class='ocr_carea' id='block_1_3' title="bbox 255 2430 1173 3186">
    <p class='ocr_par' dir='ltr' id='par_1_4' title="bbox 255 2430 1173 3186">
     <span class='ocr_line' id='line_1_17' title="bbox 256 2430 1170 2552; baseline 0.002 -38"><span class='ocrx_word' id='word_1_94' title='bbox 256 2430 367 2516; x_wconf 83' lang='lat' dir='ltr'><strong>alteri</strong></span> <span class='ocrx_word' id='word_1_95' title='bbox 386 2430 526 2517; x_wconf 79' lang='lat' dir='ltr'><strong>alteros</strong></span> <span class='ocrx_word' id='word_1_96' title='bbox 540 2433 707 2518; x_wconf 89' lang='lat' dir='ltr'><strong>flammis</strong></span> <span class='ocrx_word' id='word_1_97' title='bbox 722 2439 1039 2552; x_wconf 83' lang='lat' dir='ltr'><strong>insequerentur.</strong></span> <span class='ocrx_word' id='word_1_98' title='bbox 1055 2437 1170 2546; x_wconf 87' lang='lat' dir='ltr'><strong>Quae</strong></span> 
     </span>
     <span class='ocr_line' id='line_1_18' title="bbox 256 2563 1171 2680; baseline 0.002 -36"><span class='ocrx_word' id='word_1_99' title='bbox 256 2563 421 2677; x_wconf 89' lang='lat' dir='ltr'><strong>quidem</strong></span> <span class='ocrx_word' id='word_1_100' title='bbox 443 2565 664 2650; x_wconf 81' lang='lat' dir='ltr'><strong>animorum</strong></span> <span class='ocrx_word' id='word_1_101' title='bbox 681 2568 937 2677; x_wconf 77' lang='lat' dir='ltr'><strong>perturbatio,</strong></span> <span class='ocrx_word' id='word_1_102' title='bbox 953 2592 1070 2680; x_wconf 88' lang='lat' dir='ltr'><strong>atque</strong></span> <span class='ocrx_word' id='word_1_103' title='bbox 1087 2595 1171 2648; x_wconf 87' lang='lat' dir='ltr'><strong>cae·</strong></span> 
     </span>
     <span class='ocr_line' id='line_1_19' title="bbox 256 2694 1168 2805; baseline 0.002 -31"><span class='ocrx_word' id='word_1_104' title='bbox 256 2694 523 2776; x_wconf 61' lang='lat' dir='ltr'><strong>citas*Pistorii</strong></span> <span class='ocrx_word' id='word_1_105' title='bbox 548 2699 719 2805; x_wconf 88' lang='lat' dir='ltr'><strong>primurn</strong></span> <span class='ocrx_word' id='word_1_106' title='bbox 734 2697 861 2805; x_wconf 88' lang='lat' dir='ltr'><strong>coepit</strong></span> <span class='ocrx_word' id='word_1_107' title='bbox 877 2696 1063 2780; x_wconf 87' lang='lat' dir='ltr'><strong>radicitus</strong></span> <span class='ocrx_word' id='word_1_108' title='bbox 1078 2725 1168 2778; x_wconf 87' lang='lat' dir='ltr'><strong>con·</strong></span> 
     </span>
     <span class='ocr_line' id='line_1_20' title="bbox 256 2817 1169 2924; baseline 0.004 -24"><span class='ocrx_word' id='word_1_109' title='bbox 256 2817 429 2924; x_wconf 84' lang='lat' dir='ltr'><strong>firmari,</strong></span> <span class='ocrx_word' id='word_1_110' title='bbox 449 2845 487 2904; x_wconf 89' lang='lat' dir='ltr'><strong>et</strong></span> <span class='ocrx_word' id='word_1_111' title='bbox 507 2853 526 2902; x_wconf 87' lang='lat' dir='ltr'><strong>a</strong></span> <span class='ocrx_word' id='word_1_112' title='bbox 549 2823 884 2908; x_wconf 80' lang='lat' dir='ltr'><strong>Canoeilatiorum</strong></span> <span class='ocrx_word' id='word_1_113' title='bbox 911 2824 1055 2906; x_wconf 86' lang='lat' dir='ltr'><strong>familia</strong></span> <span class='ocrx_word' id='word_1_114' title='bbox 1090 2855 1169 2905; x_wconf 85' lang='lat' dir='ltr'><strong>ma·</strong></span> 
     </span>
     <span class='ocr_line' id='line_1_21' title="bbox 255 2947 1173 3064; baseline 0 -34"><span class='ocrx_word' id='word_1_115' title='bbox 255 2949 370 3052; x_wconf 80' lang='lat' dir='ltr'><strong>xima,</strong></span> <span class='ocrx_word' id='word_1_116' title='bbox 384 2947 651 3064; x_wconf 85' lang='lat' dir='ltr'><strong>ditissimaque</strong></span> <span class='ocrx_word' id='word_1_117' title='bbox 672 2954 786 3034; x_wconf 85' lang='lat' dir='ltr'><strong>traxit</strong></span> <span class='ocrx_word' id='word_1_118' title='bbox 807 2951 1173 3037; x_wconf 66' lang='lat' dir='ltr'><strong>initiarevotaarea</strong></span> 
     </span>
     <span class='ocr_line' id='line_1_22' title="bbox 258 3075 1171 3186; baseline 0.001 -26"><span class='ocrx_word' id='word_1_119' title='bbox 258 3105 352 3160; x_wconf 79' lang='lat' dir='ltr'><strong>vero</strong></span> <span class='ocrx_word' id='word_1_120' title='bbox 383 3075 600 3160; x_wconf 82' lang='lat' dir='ltr'><strong>Florentiui</strong></span> <span class='ocrx_word' id='word_1_121' title='bbox 634 3081 786 3163; x_wconf 86' lang='lat' dir='ltr'><strong>Pistorii</strong></span> <span class='ocrx_word' id='word_1_122' title='bbox 821 3081 970 3163; x_wconf 88' lang='lat' dir='ltr'><strong>mederi</strong></span> <span class='ocrx_word' id='word_1_123' title='bbox 1005 3082 1171 3186; x_wconf 86' lang='lat' dir='ltr'><strong>morbo,</strong></span> 
     </span>
    </p>
   </div>
   <div class='ocr_carea' id='block_1_4' title="bbox 146 3549 1176 3855">
    <p class='ocr_par' dir='ltr' id='par_1_5' title="bbox 146 3549 1176 3855">
     <span class='ocr_line' id='line_1_23' title="bbox 263 3549 1171 3634; baseline 0.013 -24"><span class='ocrx_word' id='word_1_124' title='bbox 263 3549 365 3616; x_wconf 80' lang='lat' dir='ltr'><strong>ciuile</strong></span> <span class='ocrx_word' id='word_1_125' title='bbox 379 3550 551 3620; x_wconf 83' lang='lat' dir='ltr'><strong>nell’arrrri</strong></span> <span class='ocrx_word' id='word_1_126' title='bbox 561 3603 571 3634; x_wconf 87' lang='lat'><strong>,</strong></span> <span class='ocrx_word' id='word_1_127' title='bbox 588 3560 699 3626; x_wconf 75' lang='lat' dir='ltr'><strong>edere</strong></span> <span class='ocrx_word' id='word_1_128' title='bbox 725 3559 796 3626; x_wconf 80' lang='lat' dir='ltr'><strong>ebbr&#39;</strong></span> <span class='ocrx_word' id='word_1_129' title='bbox 827 3573 973 3625; x_wconf 75' lang='lat' dir='ltr'><strong>ramanae</strong></span> <span class='ocrx_word' id='word_1_130' title='bbox 1001 3558 1126 3632; x_wconf 79' lang='lat' dir='ltr'><strong>molta,</strong></span> <span class='ocrx_word' id='word_1_131' title='bbox 1154 3582 1171 3622; x_wconf 84' lang='lat' dir='ltr'><strong>e</strong></span> 
     </span>
     <span class='ocr_line' id='line_1_24' title="bbox 262 3651 1176 3755; baseline 0.02 -43"><span class='ocrx_word' id='word_1_132' title='bbox 262 3651 353 3746; x_wconf 72' lang='lat' dir='ltr'><strong>uelle</strong></span> <span class='ocrx_word' id='word_1_133' title='bbox 368 3652 447 3740; x_wconf 81' lang='lat' dir='ltr'><strong>ſsrre</strong></span> <span class='ocrx_word' id='word_1_134' title='bbox 477 3659 703 3744; x_wconf 78' lang='lat' dir='ltr'><strong>grandissimo</strong></span> <span class='ocrx_word' id='word_1_135' title='bbox 730 3664 920 3755; x_wconf 62' lang='lat' dir='ltr'><strong>allegreeza</strong></span> <span class='ocrx_word' id='word_1_136' title='bbox 943 3684 1004 3750; x_wconf 83' lang='lat' dir='ltr'><strong>per</strong></span> <span class='ocrx_word' id='word_1_137' title='bbox 1035 3657 1062 3722; x_wconf 78' lang='lat' dir='ltr'><strong>ii</strong></span> <span class='ocrx_word' id='word_1_138' title='bbox 1090 3664 1176 3723; x_wconf 66' lang='lat' dir='ltr'><strong>varii</strong></span> 
     </span>
     <span class='ocr_line' id='line_1_25' title="bbox 146 3753 720 3855; baseline 0.038 -45"><span class='ocrx_word' id='word_1_139' title='bbox 146 3753 149 3758; x_wconf 82' lang='grc'><em>“</em></span> <span class='ocrx_word' id='word_1_140' title='bbox 265 3759 337 3816; x_wconf 81' lang='lat' dir='ltr'><strong>cari</strong></span> <span class='ocrx_word' id='word_1_141' title='bbox 351 3759 388 3820; x_wconf 83' lang='lat' dir='ltr'><strong>di</strong></span> <span class='ocrx_word' id='word_1_142' title='bbox 403 3755 515 3855; x_wconf 78' lang='lat' dir='ltr'><strong>quella</strong></span> <span class='ocrx_word' id='word_1_143' title='bbox 531 3757 720 3850; x_wconf 81' lang='lat' dir='ltr'><strong>buttaglr&#39;a.</strong></span> 
     </span>
    </p>
   </div>
   <div class='ocr_carea' id='block_1_5' title="bbox 0 0 1576 4967">
    <p class='ocr_par' dir='ltr' id='par_1_6' title="bbox 0 0 1576 4967">
     <span class='ocr_line' id='line_1_26' title="bbox 0 0 1576 4967; baseline 0 2"><span class='ocrx_word' id='word_1_144' title='bbox 0 0 1576 4967; x_wconf 95' lang='lat' dir='ltr'><strong> </strong></span> 
     </span>
    </p>
   </div>
  </div>
 </body>
</html>
