3142 4967
198 571 304 657 idom
324 572 482 656 sensisse
491 565 856 682 Philosophorum,
890 557 1033 658 multi
1023 577 1131 690 qoi'

113 787 114 790 a
201 731 280 783 non
294 699 368 784 ubi
391 701 467 784 nati
500 721 591 826 sunt
624 699 678 780 ibi
712 697 960 811 florueruut3
993 683 1150 785 voluir‘-

199 830 339 941 etipse
361 819 594 940 praeponere
615 828 782 937 ingratae
800 816 961 976 patriae
988 815 1128 938 ¹gratis-1

199 958 313 1038 simas
346 956 490 1061 urbes,
526 957 565 1037 in
601 957 746 1071 quihus
788 955 954 1040 maxime
978 944 1128 1041 cultus·

206 1108 290 1170 est.
310 1085 413 1172 Nam
446 1108 485 1168 et
518 1083 684 1170 Publius
718 1064 907 1194 Virgilius
932 1084 1154 1168 Mantuae.

201 1231 317 1297 natus
331 1212 539 1327 ,Neapoli
572 1211 748 1323 sepultus
781 1236 864 1319 est,
897 1232 935 1296 et
960 1213 1123 1298 Lucius

201 1340 390 1425 Annaeus
411 1347 579 1444 Seneca,
603 1340 662 1422 vir
682 1339 863 1447 Stoicus,
877 1363 918 1424 et
936 1340 1128 1424 Lucanus

201 1469 298 1553 eius
308 1453 435 1553 fratris
456 1466 579 1574 lilius,
599 1469 746 1552 Romae
767 1469 866 1551 mori
888 1499 1007 1584 quam
1021 1466 1127 1554 Cor
1151 1534 1155 1538 <

200 1595 330 1708 dnbae
352 1597 585 1684 maluerunt.
601 1596 711 1680 idem
732 1595 784 1678 de
798 1595 855 1682 Μ
871 1597 1037 1682 Annaeo
1054 1601 1127 1682 Se·¹

151 1755 156 1766 ·
200 1755 322 1834 neca,
352 1752 389 1812 et
423 1725 474 1808 de
506 1726 632 1810 Statio
649 1723 816 1836 legitur
836 1747 875 1810 et
890 1725 946 1808 de
966 1708 1122 1811 Alema

201 1885 251 1938 ne
272 1853 397 1968 lyrico
419 1845 559 1966 poeta,
579 1856 649 1968 qui
670 1885 710 1938 se
731 1849 884 1938 meluit
888 1853 1124 2002 Spartiatam

202 2013 321 2101 quam
345 1981 593 2089 Seruianum,
626 2006 665 2065 et
696 1981 748 2065 de
768 1983 996 2095 Euripide,
1021 1984 1091 2094 qni
1107 2008 1126 2086 ,³

202 2113 323 2222 patria
340 2111 488 2217 relicta,
507 2108 618 2222 apud·
636 2102 869 2194 Archelaum
885 2109 991 2192 diem
1005 2111 1119 2216 obiit,

201 2263 239 2322 et
258 2236 309 2326 de
331 2237 524 2351 Aeschylo
555 2237 811 2344 Atheniensi,
844 2267 965 2353 quem
982 2229 1117 2322 'startia

196 2365 398 2480 sepelivit,
418 2387 458 2452 'et
477 2365 528 2450 de
548 2365 747 2472 Homero,
767 2369 838 2483 qui
873 2396 951 2449 non
986 2361 1115 2450 finivit

198 2515 478 2588 consenescens
493 2494 599 2607 apud
614 2486 879 2600 sennense
900 2492 952 2575 de
972 2490 1120 2596 multis,

199 2613 299 2737 quos
320 2653 546 2708 enumcrare
566 2653 729 2735 gravor.
749 2625 858 2710 Cum
878 2647 977 2726 esset
999 2621 1137 2730 igitur·

198 2750 322 2836 factus
336 2752 425 2840 exul
439 2755 520 2864 ipse
535 2754 696 2860 Dentes,
710 2745 997 2864 accepissetque
1012 2747 1113 2865 quid

197 2879 426 2975 Florentiae
437 2879 574 2987 fieret,
596 2882 762 2966 demissa
782 2883 932 2986 Roma,
954 2876 1117 2960 relicto-

106 3015 109 3022 ’
150 3056 153 3062 -
200 3037 282 3120 que
304 3002 507 3113 Pontifi'ce,
527 3007 577 3090 ad
598 3027 877 3123 quemforator
897 2998 1119 3110 accesserat,

85 3211 90 3219 .
165 3193 178 3204 -
199 3125 343 3222 Senam
377 3139 531 3222 tenuit.-
550 3135 635 3220 Illic
656 3161 694 3221 et
715 3127 767 3221 de
802 3136 919 3219 rebus
951 3130 1114 3241 singulis

199 3286 259 3347 est
279 3264 421 3346 certior
442 3263 647 3370 redditus,
667 3288 706 3372 et
724 3264 854 3375 coepit
872 3289 966 3345 suae
981 3287 1116 3342 causae

200 3379 449 3500 progressum
465 3386 703 3504 intelligere,
724 3393 923 3505 armisque
943 3387 1117 3471 reditum

201 3533 393 3632 temptare
412 3521 453 3604 in
475 3523 648 3633 patriam,
662 3551 753 3606 cum
770 3517 876 3604 nulla
897 3540 993 3600 esset
1007 3518 1120 3631 qnie-
1152 3581 1156 3587 .

206 3648 253 3730 tis
273 3677 360 3761 spes
379 3649 528 3768 reliqua
543 3716 558 3738 .,
575 3651 703 3757 Nam,
725 3670 769 3735 ut
788 3646 979 3759 sapientes
998 3643 1114 3731 decet

198 3777 328 3862 omnia
362 3781 469 3892 prins
504 3781 840 3896 experiri‚quam
875 3776 991 3861 armis
1025 3803 1117 3860 con·
