3142 4967
484 449 538 532 9²

423 557 733 670 vigilantissimos
749 557 1009 641 foeneratores
1023 584 1227 668 soporare,
1244 585 1341 681 cuns

422 682 609 798 Virgilius
644 708 813 796 pastores
847 683 964 768 docet
983 708 1157 768 armenta
1191 683 1338 802 ducere

423 809 475 896 ad
495 811 661 924 pabula,
681 812 865 924 agricolas
882 843 1036 918 serere,
1068 812 1213 898 milites
1232 803 1337 896 arnia

424 965 594 1050 gestare,
614 971 706 1028 curu
723 943 873 1026 mixtim
895 965 933 1025 et
954 942 1257 1053 interponuntur
1276 952 1338 1023 r'es
1455 1016 1462 1035 ,

425 1093 569 1178 gestae,
588 1095 627 1155 et
643 1071 812 1154 mirabili
829 1096 1032 1183 poetarum
1046 1067 1211 1156 artificio
1223 1069 1340 1152 deco·

428 1225 518 1280 rum
553 1229 670 1282 suum
691 1200 836 1312 cuique
865 1197 1031 1281 traditur
1051 1199 1119 1283 rei.
1157 1196 1237 1284 Sed
1269 1193 1345 1305 hoc

428 1349 533 1432 certe
554 1326 835 1434 admirabilius,
856 1325 968 1441 quod
989 1357 1070 1411 uno
1089 1325 1243 1434 codice,
1267 1315 1343 1409 nec

314 1521 315 1524 a
426 1453 643 1544 admodum
665 1454 839 1568 prolixo,
870 1457 918 1538 sit
945 1459 1075 1539 omnia
1096 1455 1338 1566 diligentissi-

429 1613 493 1671 nte
513 1583 670 1668 Dentes
693 1582 947 1694 complexus,
980 1615 1082 1702 quae
1102 1608 1140 1669 et
1160 1585 1211 1668 ad
1231 1583 1344 1686 bena,

428 1715 628 1828 beateque.
656 1710 874 1798 vivendum
906 1744 928 1795 a
960 1709 1200 1826 philosophis
1232 1711 1336 1796 dicta

434 1866 539 1945 sunt,
553 1839 654 1926 etad
668 1842 937 1924 aeternitatem
954 1840 1094 1952 gloriae
1108 1871 1334 1955 consequen
1359 1885 1378 1904 ·

440 1969 532 2054 dam
564 1991 655 2053 sunt
675 1999 696 2050 a
716 1966 925 2078 Theologis
945 1969 1145 2080 explicata.
1178 1965 1353 2072 Nullum

439 2121 498 2184 est
518 2097 637 2196 officii
657 2127 798 2207 genus,
819 2096 880 2201 rel
892 2097 1122 2212 publicum,
1142 2095 1206 2184 vel
1220 2097 1357 2182 dome·

434 2227 597 2330 sticum,
620 2225 680 2307 vel
700 2225 871 2336 forense,
891 2227 952 2311 vel
969 2228 1186 2337 urbanum,
1204 2227 1354 2349 relmi-

440 2354 574 2460 litare‚
613 2357 663 2438 de
697 2387 780 2471 quo
814 2387 893 2441 non
914 2359 1073 2442 abunde
1094 2341 1353 2472 praecipiatur

435 2485 543 2596 apud
558 2487 736 2568 Dantem.
753 2485 830 2572 Hic
842 2509 883 2570 et
897 2484 1103 2603 Infernum
1114 2515 1196 2570 esse
1210 2474 1348 2593 sciens,

434 2614 642 2728 inquiente
662 2613 778 2704 lsaia:
800 2614 995 2733 dilatauit
1029 2602 1223 2736 infamias
1255 2623 1350 2702 aui·

359 2811 362 2815 .
438 2771 710 2847 matusalam,
733 2763 772 2829 rt
792 2751 956 2849 aperuit
979 2775 1184 2852 ossuum,
1202 2743 1355 2859 absque

374 2954 382 2966 h
436 2867 520 2972 ullo
534 2871 700 2953 termino
720 2869 925 2984 descripsit
957 2902 1076 2979 eunt,
1098 2896 1143 2956 ut
1177 2872 1351 2986 primum

377 3057 381 3067 ,
438 3020 601 3080 terreret
630 2997 806 3082 homines
824 3001 1060 3114 arescatis,
1092 3029 1186 3084 cum
1218 2998 1354 3112 legerit

284 3244 287 3251 .
367 3191 372 3198 a
438 3123 710 3236 propheticum
733 3124 852 3210 illud:
875 3135 1045 3216 initium
1060 3133 1356 3243 sapientiaeti·

367 3308 372 3314 —
439 3285 530 3338 naor
542 3249 721 3344 Domini
733 3320 744 3359 ‚
767 3285 840 3340 uec
860 3286 951 3340 euru
968 3256 1107 3341 latebat
1121 3257 1231 3374 quod
1246 3259 1352 3366 apud

438 3381 642 3464 Maronem
664 3381 829 3492 legitur:
857 3386 1020 3491 inferni
1050 3393 1178 3499 ionrru
1210 3391 1355 3499 Ditis,

441 3539 512 3604 nec
534 3509 643 3622 quod
662 3511 730 3602 lob
746 3511 894 3625 inquit:
919 3519 962 3596 in
980 3513 1358 3624 profundissimum

386 3687 387 3690 π
426 3640 659 3726 ,infernum
700 3639 917 3726 descendit
959 3651 1103 3738 aalma
1138 3645 1359 3745 memdd

449 3763 544 3848 haec
585 3793 715 3853 autern
758 3769 898 3882 triplex
930 3773 1184 3886 csseinferni
1219 3772 1364 3886 legerat
