3142 4967
517 492 622 551 mu

457 630 608 691 nostrae
653 600 928 717 splendorem,
960 622 1001 687 et
1032 598 1192 690 landem
1223 601 1367 718 procui

455 733 595 822 dnbio
613 731 775 839 asseret,
797 729 1022 816 etiilustret
1043 732 1221 852 {petriam
1254 730 1362 817 iilius

454 864 600 976 ingenii
619 862 780 948 iumen.
800 862 905 972 Quis
937 862 1043 945 enim
1077 884 1181 946 tenta
1200 858 1364 945 celebri-

441 1000 558 1098 tate,
576 988 861 1073 immortalitate
881 989 1053 1074 nominis
1073 986 1259 1075 haetenus
1277 986 1366 1094 fuit,

453 1144 597 1235 quanto
630 1116 693 1203 hic
725 1141 839 1231 poete
869 1117 913 1203 in
938 1117 1131 1232 praesenti
1161 1140 1237 1225 est,
1262 1139 1302 1201 et
1320 1140 1366 1202 ut

453 1250 671 1335 coniectare
696 1249 870 1365 quimus,
887 1248 961 1332 erit
988 1250 1243 1363 inposterum
1263 1274 1363 1359 sem·

451 1379 675 1491 piternnm!
695 1378 810 1463 cuius
828 1375 917 1461 iibri
937 1400 1043 1461 tante,
1059 1376 1244 1491 elegantia
1269 1376 1363 1463 seri·

450 1506 510 1619 pti
528 1528 645 1611 sunt,
678 1528 720 1588 nt
754 1500 853 1587 nihil
886 1505 1091 1617 excogitari
1113 1528 1231 1623 quest
1250 1534 1358 1619 prse-
1480 1584 1484 1589 .

450 1635 639 1719 stantius.
671 1634 796 1721 Tanta
834 1633 1045 1747 sapientia,
1078 1658 1118 1719 et
1155 1633 1361 1745 doctrine,
1426 1660 1430 1671 ·

451 1785 633 1879 tentique
666 1763 874 1867 verietate,
893 1786 932 1847 et
956 1764 1093 1877 copie,
1114 1788 1213 1849 utet
1246 1761 1361 1848 indo-

452 1916 536 1979 ctos
562 1893 786 2004 delectare,
804 1918 844 1977 et
862 1892 1134 2001 doctissimos,
1165 1916 1356 2009 praesten-

449 2022 701 2141 tissimosque
721 2021 899 2109 homines
919 2023 1076 2131 docere,
1095 2047 1137 2107 et
1157 2021 1361 2109 universos

450 2148 691 2265 dirigere‚.ac
711 2152 906 2237 iustruere
926 2152 1085 2265 possint.
1112 2150 1193 2238 Sed
1210 2149 1362 2240 omissis

359 2300 365 2307 ·
449 2279 535 2363 eius
554 2277 861 2395 laudibusque
882 2309 961 2362 nen
993 2277 1250 2393 epistolarum¹
1273 2278 1361 2367 bre·

451 2409 639 2517 vitatem,
657 2406 727 2492 sed
749 2407 997 2495 voluminum
1018 2407 1274 2524 prolixitatem
1292 2405 1360 2495 fla·

451 2537 688 2651 gitutent,ud
709 2541 941 2649 semipsum,
960 2568 1080 2655 quens
1102 2536 1360 2646 intendimus,

452 2666 682 2753 veniemus.
703 2666 797 2751 Fuit
817 2670 893 2751 iam
921 2665 1075 2783 pridem
1097 2699 1167 2782 per
1187 2691 1360 2754 nostrum

449 2793 753 2907 Rempnblicem
771 2792 890 2913 (cioe
911 2799 982 2884 nel
1006 2796 1358 2915 1396.)c0nstitu-

451 2946 566 3028 tum,
591 2948 635 3008 ut
669 2925 809 3010 Dentis
842 2922 1059 3037 Alegherii,
1090 2950 1130 3010 et
1161 2923 1359 3016 Francisei

450 3054 668 3161 Petraruse,
688 3051 914 3137 inclitorum
948 3077 1165 3163 poetarum,
1184 3050 1361 3163 sepulcra

450 3210 544 3267 cum
559 3210 693 3296 enque
707 3179 820 3266 decet
834 3178 1167 3293 magnificentium
1182 3181 1281 3265 urbe
1291 3200 1360 3265 n'o·

451 3334 555 3417 stre,
575 3307 648 3394 hoc
668 3334 725 3393 est
746 3312 785 3392 in
808 3313 928 3423 patrie
949 3310 1126 3423 ipsorum
1147 3331 1360 3423 poetarum,

451 3460 771 3527 construerentur
789 3434 1024 3553 (1).Qnsm
1057 3436 1357 3524 rem-hactenns

446 3746 448 3753 ’
492 3744 589 3838 (t)Su
599 3746 668 3837 qual
678 3744 872 3815 fondamento
881 3768 992 3837 poseno
1001 3745 1101 3833 eglino
1115 3747 1127 3812 i
1140 3746 1235 3815 nostri
1247 3742 1356 3809 Storiei

436 3848 477 3921 „te
491 3850 557 3919 loro
571 3850 747 3949 esecuzione,
761 3848 817 3919 che
829 3850 900 3922 nell'
910 3850 1012 3920 istesso
1025 3858 1240 3943 preteesuneto
1251 3846 1356 3951 deesse

1531 3715 1533 3808 i
