<?xml version="1.0" encoding="UTF-8"?>
<!DOCTYPE html PUBLIC "-//W3C//DTD XHTML 1.0 Transitional//EN"
    "http://www.w3.org/TR/xhtml1/DTD/xhtml1-transitional.dtd">
<html xmlns="http://www.w3.org/1999/xhtml" xml:lang="en" lang="en">
 <head>
  <title>
</title>
<meta http-equiv="Content-Type" content="text/html;charset=utf-8" />
  <meta name='ocr-system' content='tesseract 3.04.00' />
  <meta name='ocr-capabilities' content='ocr_page ocr_carea ocr_par ocr_line ocrx_word'/>
</head>
<body>
  <div class='ocr_page' id='page_1' title='image "./vitadantisaligh00moregoog_0189.png"; bbox 0 0 3142 4967; ppageno 0'>
   <div class='ocr_carea' id='block_1_1' title="bbox 320 404 1366 2093">
    <p class='ocr_par' dir='ltr' id='par_1_1' title="bbox 320 404 1366 2093">
     <span class='ocr_line' id='line_1_1' title="bbox 509 404 587 505; baseline 0.013 -25"><span class='ocrx_word' id='word_1_1' title='bbox 509 404 587 505; x_wconf 62' lang='lat' dir='ltr'><strong>ilio</strong></span> 
     </span>
     <span class='ocr_line' id='line_1_2' title="bbox 431 535 1363 637; baseline -0.004 -24"><span class='ocrx_word' id='word_1_2' title='bbox 431 567 472 613; x_wconf 87' lang='lat' dir='ltr'><strong>ac</strong></span> <span class='ocrx_word' id='word_1_3' title='bbox 490 540 701 625; x_wconf 87' lang='lat' dir='ltr'><strong>recentium,</strong></span> <span class='ocrx_word' id='word_1_4' title='bbox 718 535 916 633; x_wconf 87' lang='lat' dir='ltr'><strong>Dantisque</strong></span> <span class='ocrx_word' id='word_1_5' title='bbox 935 536 1143 635; x_wconf 84' lang='lat' dir='ltr'><strong>praesertim</strong></span> <span class='ocrx_word' id='word_1_6' title='bbox 1165 538 1363 637; x_wconf 70' lang='lat' dir='ltr'><strong>nostripu-</strong></span> 
     </span>
     <span class='ocr_line' id='line_1_3' title="bbox 430 650 1362 746; baseline -0.004 -24"><span class='ocrx_word' id='word_1_7' title='bbox 430 652 527 723; x_wconf 84' lang='lat' dir='ltr'><strong>btice</strong></span> <span class='ocrx_word' id='word_1_8' title='bbox 541 650 735 723; x_wconf 83' lang='lat' dir='ltr'>Volumina</span> <span class='ocrx_word' id='word_1_9' title='bbox 749 650 1048 744; x_wconf 78' lang='lat' dir='ltr'><strong>interpretentur,</strong></span> <span class='ocrx_word' id='word_1_10' title='bbox 1060 660 1226 746; x_wconf 79' lang='lat' dir='ltr'><strong>artesque</strong></span> <span class='ocrx_word' id='word_1_11' title='bbox 1238 671 1362 720; x_wconf 88' lang='lat' dir='ltr'><strong>omnes</strong></span> 
     </span>
     <span class='ocr_line' id='line_1_4' title="bbox 320 753 1362 859; baseline -0.004 -24"><span class='ocrx_word' id='word_1_12' title='bbox 320 763 325 795; x_wconf 72' lang='lat'><em>‘</em></span> <span class='ocrx_word' id='word_1_13' title='bbox 434 763 551 835; x_wconf 88' lang='lat' dir='ltr'><strong>bonae</strong></span> <span class='ocrx_word' id='word_1_14' title='bbox 567 762 783 834; x_wconf 77' lang='lat' dir='ltr'><strong>edoceantur</strong></span> <span class='ocrx_word' id='word_1_15' title='bbox 800 811 809 847; x_wconf 93' lang='lat'><strong>,</strong></span> <span class='ocrx_word' id='word_1_16' title='bbox 826 784 917 858; x_wconf 86' lang='lat' dir='ltr'><strong>quae</strong></span> <span class='ocrx_word' id='word_1_17' title='bbox 933 765 1110 859; x_wconf 86' lang='lat' dir='ltr'><strong>prosperis</strong></span> <span class='ocrx_word' id='word_1_18' title='bbox 1126 761 1166 829; x_wconf 86' lang='lat' dir='ltr'><strong>iri</strong></span> <span class='ocrx_word' id='word_1_19' title='bbox 1186 753 1292 829; x_wconf 80' lang='lat' dir='ltr'><strong>rebrn</strong></span> <span class='ocrx_word' id='word_1_20' title='bbox 1307 762 1362 831; x_wconf 87' lang='lat' dir='ltr'><strong>iu·</strong></span> 
     </span>
     <span class='ocr_line' id='line_1_5' title="bbox 433 860 1358 961; baseline -0.002 -14"><span class='ocrx_word' id='word_1_21' title='bbox 433 875 661 947; x_wconf 89' lang='lat' dir='ltr'><strong>cunditatem</strong></span> <span class='ocrx_word' id='word_1_22' title='bbox 679 871 835 945; x_wconf 79' lang='lat' dir='ltr'><strong>afferant</strong></span> <span class='ocrx_word' id='word_1_23' title='bbox 849 925 860 961; x_wconf 95' lang='lat'><strong>,</strong></span> <span class='ocrx_word' id='word_1_24' title='bbox 876 874 915 943; x_wconf 92' lang='lat' dir='ltr'><strong>in</strong></span> <span class='ocrx_word' id='word_1_25' title='bbox 933 870 1092 949; x_wconf 82' lang='lat' dir='ltr'><strong>adversis</strong></span> <span class='ocrx_word' id='word_1_26' title='bbox 1119 869 1274 944; x_wconf 82' lang='lat' dir='ltr'><strong>salutern</strong></span> <span class='ocrx_word' id='word_1_27' title='bbox 1287 860 1358 955; x_wconf 53' lang='lat' dir='ltr'><strong>,In</strong></span> 
     </span>
     <span class='ocr_line' id='line_1_6' title="bbox 431 982 1360 1087; baseline 0 -30"><span class='ocrx_word' id='word_1_28' title='bbox 431 989 631 1087; x_wconf 88' lang='lat' dir='ltr'><strong>praesentia</strong></span> <span class='ocrx_word' id='word_1_29' title='bbox 662 996 801 1073; x_wconf 89' lang='lat' dir='ltr'><strong>autem,</strong></span> <span class='ocrx_word' id='word_1_30' title='bbox 832 982 1128 1057; x_wconf 78' lang='lat' dir='ltr'><strong>clementissime</strong></span> <span class='ocrx_word' id='word_1_31' title='bbox 1156 984 1286 1076; x_wconf 89' lang='lat' dir='ltr'><strong>Pater,</strong></span> <span class='ocrx_word' id='word_1_32' title='bbox 1314 1010 1360 1081; x_wconf 76' lang='lat' dir='ltr'><strong>ne</strong></span> 
     </span>
     <span class='ocr_line' id='line_1_7' title="bbox 429 1095 1360 1198; baseline -0.003 -29"><span class='ocrx_word' id='word_1_33' title='bbox 429 1120 573 1196; x_wconf 77' lang='lat' dir='ltr'><strong>semper</strong></span> <span class='ocrx_word' id='word_1_34' title='bbox 590 1097 848 1169; x_wconf 88' lang='lat' dir='ltr'><strong>Beatissimum</strong></span> <span class='ocrx_word' id='word_1_35' title='bbox 866 1096 1077 1189; x_wconf 74' lang='lat' dir='ltr'><strong>dixerimus,</strong></span> <span class='ocrx_word' id='word_1_36' title='bbox 1090 1095 1254 1198; x_wconf 79' lang='lat' dir='ltr'><strong>quidve!</strong></span> <span class='ocrx_word' id='word_1_37' title='bbox 1270 1108 1360 1181; x_wconf 82' lang='lat' dir='ltr'><strong>tern-</strong></span> 
     </span>
     <span class='ocr_line' id='line_1_8' title="bbox 431 1208 1362 1315; baseline 0.003 -35"><span class='ocrx_word' id='word_1_38' title='bbox 431 1234 561 1309; x_wconf 87' lang='lat' dir='ltr'><strong>pornm</strong></span> <span class='ocrx_word' id='word_1_39' title='bbox 580 1208 851 1299; x_wconf 87' lang='lat' dir='ltr'><strong>vicissitudine,</strong></span> <span class='ocrx_word' id='word_1_40' title='bbox 869 1208 884 1305; x_wconf 92' lang='lat'>(</span> <span class='ocrx_word' id='word_1_41' title='bbox 902 1209 963 1282; x_wconf 87' lang='lat' dir='ltr'><strong>sed</strong></span> <span class='ocrx_word' id='word_1_42' title='bbox 981 1234 1073 1315; x_wconf 80' lang='lat' dir='ltr'><strong>quae</strong></span> <span class='ocrx_word' id='word_1_43' title='bbox 1089 1222 1207 1309; x_wconf 89' lang='lat' dir='ltr'><strong>potest</strong></span> <span class='ocrx_word' id='word_1_44' title='bbox 1224 1233 1299 1283; x_wconf 89' lang='lat' dir='ltr'><strong>esse</strong></span> <span class='ocrx_word' id='word_1_45' title='bbox 1327 1222 1362 1291; x_wconf 83' lang='lat' dir='ltr'><strong>te</strong></span> 
     </span>
     <span class='ocr_line' id='line_1_9' title="bbox 429 1318 1362 1422; baseline 0.001 -30"><span class='ocrx_word' id='word_1_46' title='bbox 429 1324 623 1421; x_wconf 77' lang='lat' dir='ltr'><strong>superstite</strong></span> <span class='ocrx_word' id='word_1_47' title='bbox 637 1318 886 1421; x_wconf 90' lang='lat' dir='ltr'><strong>perturbatio)</strong></span> <span class='ocrx_word' id='word_1_48' title='bbox 900 1321 959 1396; x_wconf 85' lang='lat' dir='ltr'><strong>vel</strong></span> <span class='ocrx_word' id='word_1_49' title='bbox 977 1320 1140 1393; x_wconf 86' lang='lat' dir='ltr'><strong>fortunae</strong></span> <span class='ocrx_word' id='word_1_50' title='bbox 1157 1322 1362 1422; x_wconf 80' lang='lat' dir='ltr'><strong>iniquitate,</strong></span> 
     </span>
     <span class='ocr_line' id='line_1_10' title="bbox 428 1432 1359 1535; baseline 0 -30"><span class='ocrx_word' id='word_1_51' title='bbox 428 1434 488 1506; x_wconf 79' lang='lat' dir='ltr'><strong>sel</strong></span> <span class='ocrx_word' id='word_1_52' title='bbox 506 1433 711 1535; x_wconf 85' lang='lat' dir='ltr'><strong>aliquorum</strong></span> <span class='ocrx_word' id='word_1_53' title='bbox 727 1432 832 1533; x_wconf 90' lang='lat' dir='ltr'><strong>culpa</strong></span> <span class='ocrx_word' id='word_1_54' title='bbox 851 1434 1051 1533; x_wconf 86' lang='lat' dir='ltr'><strong>perfectum</strong></span> <span class='ocrx_word' id='word_1_55' title='bbox 1069 1436 1205 1526; x_wconf 78' lang='lat' dir='ltr'><strong>¹sit,ut</strong></span> <span class='ocrx_word' id='word_1_56' title='bbox 1236 1433 1359 1533; x_wconf 78' lang='lat' dir='ltr'><strong>gratis·</strong></span> 
     </span>
     <span class='ocr_line' id='line_1_11' title="bbox 432 1536 1366 1648; baseline 0 -31"><span class='ocrx_word' id='word_1_57' title='bbox 432 1536 559 1637; x_wconf 86' lang='lat' dir='ltr'><strong>simus,</strong></span> <span class='ocrx_word' id='word_1_58' title='bbox 574 1559 683 1648; x_wconf 89' lang='lat' dir='ltr'><strong>atque</strong></span> <span class='ocrx_word' id='word_1_59' title='bbox 713 1548 960 1646; x_wconf 85' lang='lat' dir='ltr'><strong>optatissimus</strong></span> <span class='ocrx_word' id='word_1_60' title='bbox 990 1546 1088 1620; x_wconf 89' lang='lat' dir='ltr'><strong>locus</strong></span> <span class='ocrx_word' id='word_1_61' title='bbox 1116 1545 1223 1645; x_wconf 82' lang='lat' dir='ltr'><strong>longa</strong></span> <span class='ocrx_word' id='word_1_62' title='bbox 1251 1546 1366 1619; x_wconf 88' lang='lat' dir='ltr'><strong>inter·</strong></span> 
     </span>
     <span class='ocr_line' id='line_1_12' title="bbox 431 1658 1362 1751; baseline 0 -20"><span class='ocrx_word' id='word_1_63' title='bbox 431 1660 608 1731; x_wconf 85' lang='lat' dir='ltr'><strong>missione</strong></span> <span class='ocrx_word' id='word_1_64' title='bbox 627 1658 700 1731; x_wconf 84' lang='lat' dir='ltr'><strong>fere</strong></span> <span class='ocrx_word' id='word_1_65' title='bbox 717 1661 962 1751; x_wconf 87' lang='lat' dir='ltr'><strong>excorrnerit,</strong></span> <span class='ocrx_word' id='word_1_66' title='bbox 990 1671 1093 1735; x_wconf 90' lang='lat' dir='ltr'><strong>tanto</strong></span> <span class='ocrx_word' id='word_1_67' title='bbox 1118 1684 1183 1734; x_wconf 92' lang='lat' dir='ltr'><strong>nos</strong></span> <span class='ocrx_word' id='word_1_68' title='bbox 1199 1680 1362 1735; x_wconf 87' lang='lat' dir='ltr'><strong>moerore</strong></span> 
     </span>
     <span class='ocr_line' id='line_1_13' title="bbox 422 1757 1364 1872; baseline 0 -29"><span class='ocrx_word' id='word_1_69' title='bbox 422 1757 581 1861; x_wconf 78' lang='lat' dir='ltr'><strong>affecit,</strong></span> <span class='ocrx_word' id='word_1_70' title='bbox 596 1783 637 1844; x_wconf 92' lang='lat' dir='ltr'><strong>ut</strong></span> <span class='ocrx_word' id='word_1_71' title='bbox 656 1786 873 1845; x_wconf 80' lang='lat' dir='ltr'><strong>transversos</strong></span> <span class='ocrx_word' id='word_1_72' title='bbox 890 1786 993 1871; x_wconf 84' lang='lat' dir='ltr'><strong>agat,</strong></span> <span class='ocrx_word' id='word_1_73' title='bbox 1010 1787 1047 1847; x_wconf 91' lang='lat' dir='ltr'><strong>et</strong></span> <span class='ocrx_word' id='word_1_74' title='bbox 1060 1769 1107 1845; x_wconf 91' lang='lat' dir='ltr'><strong>ab</strong></span> <span class='ocrx_word' id='word_1_75' title='bbox 1122 1774 1223 1845; x_wconf 90' lang='lat' dir='ltr'><strong>omni</strong></span> <span class='ocrx_word' id='word_1_76' title='bbox 1241 1771 1364 1872; x_wconf 87' lang='lat' dir='ltr'><strong>procui</strong></span> 
     </span>
     <span class='ocr_line' id='line_1_14' title="bbox 431 1882 1363 1984; baseline 0.004 -31"><span class='ocrx_word' id='word_1_77' title='bbox 431 1882 617 1981; x_wconf 84' lang='lat' dir='ltr'><strong>voluptate</strong></span> <span class='ocrx_word' id='word_1_78' title='bbox 645 1884 691 1955; x_wconf 92' lang='lat' dir='ltr'><strong>ad</strong></span> <span class='ocrx_word' id='word_1_79' title='bbox 725 1886 888 1961; x_wconf 85' lang='lat' dir='ltr'><strong>miserias</strong></span> <span class='ocrx_word' id='word_1_80' title='bbox 921 1908 1047 1957; x_wconf 88' lang='lat' dir='ltr'><strong>omnes</strong></span> <span class='ocrx_word' id='word_1_81' title='bbox 1070 1884 1280 1959; x_wconf 86' lang='lat' dir='ltr'><strong>transferat:</strong></span> <span class='ocrx_word' id='word_1_82' title='bbox 1299 1885 1363 1984; x_wconf 85' lang='lat' dir='ltr'><strong>qui</strong></span> 
     </span>
     <span class='ocr_line' id='line_1_15' title="bbox 434 1994 1362 2093; baseline 0.005 -29"><span class='ocrx_word' id='word_1_83' title='bbox 434 1996 550 2093; x_wconf 89' lang='lat' dir='ltr'><strong>pudor</strong></span> <span class='ocrx_word' id='word_1_84' title='bbox 566 2019 663 2067; x_wconf 90' lang='lat' dir='ltr'><strong>nunc</strong></span> <span class='ocrx_word' id='word_1_85' title='bbox 682 2000 721 2067; x_wconf 92' lang='lat' dir='ltr'><strong>in</strong></span> <span class='ocrx_word' id='word_1_86' title='bbox 742 1994 846 2069; x_wconf 92' lang='lat' dir='ltr'><strong>nobis</strong></span> <span class='ocrx_word' id='word_1_87' title='bbox 862 2010 939 2090; x_wconf 83' lang='lat' dir='ltr'><strong>est,</strong></span> <span class='ocrx_word' id='word_1_88' title='bbox 958 1999 1143 2071; x_wconf 77' lang='lat' dir='ltr'><strong>intuemu‘r</strong></span> <span class='ocrx_word' id='word_1_89' title='bbox 1159 1998 1362 2089; x_wconf 89' lang='lat' dir='ltr'><strong>neminem,</strong></span> 
     </span>
    </p>
   </div>
   <div class='ocr_carea' id='block_1_2' title="bbox 309 2108 1362 2211">
    <p class='ocr_par' dir='ltr' id='par_1_2' title="bbox 309 2108 1362 2211">
     <span class='ocr_line' id='line_1_16' title="bbox 309 2108 1362 2211; baseline 0.009 -35"><span class='ocrx_word' id='word_1_90' title='bbox 309 2142 317 2152; x_wconf 56' lang='lat'><em>1</em></span> <span class='ocrx_word' id='word_1_91' title='bbox 425 2108 530 2207; x_wconf 77' lang='lat' dir='ltr'><strong>quod</strong></span> <span class='ocrx_word' id='word_1_92' title='bbox 548 2122 651 2182; x_wconf 90' lang='lat' dir='ltr'><strong>antea</strong></span> <span class='ocrx_word' id='word_1_93' title='bbox 670 2114 772 2191; x_wconf 87' lang='lat' dir='ltr'><strong>inani</strong></span> <span class='ocrx_word' id='word_1_94' title='bbox 790 2111 947 2211; x_wconf 85' lang='lat' dir='ltr'><strong>quadam</strong></span> <span class='ocrx_word' id='word_1_95' title='bbox 964 2110 1257 2211; x_wconf 82' lang='lat' dir='ltr'><strong>gloria,ssorente</strong></span> <span class='ocrx_word' id='word_1_96' title='bbox 1273 2110 1362 2186; x_wconf 85' lang='lat' dir='ltr'><strong>Aca·</strong></span> 
     </span>
    </p>
   </div>
   <div class='ocr_carea' id='block_1_3' title="bbox 362 2223 1376 3798">
    <p class='ocr_par' dir='ltr' id='par_1_3' title="bbox 362 2223 1376 3798">
     <span class='ocr_line' id='line_1_17' title="bbox 428 2223 1361 2321; baseline -0.002 -22"><span class='ocrx_word' id='word_1_97' title='bbox 428 2225 576 2312; x_wconf 81' lang='lat' dir='ltr'><strong>demia,</strong></span> <span class='ocrx_word' id='word_1_98' title='bbox 604 2223 817 2297; x_wconf 72' lang='lat' dir='ltr'><strong>eveniebat.</strong></span> <span class='ocrx_word' id='word_1_99' title='bbox 846 2225 1090 2321; x_wconf 87' lang='lat' dir='ltr'><strong>Quamobrem</strong></span> <span class='ocrx_word' id='word_1_100' title='bbox 1121 2226 1225 2318; x_wconf 87' lang='lat' dir='ltr'><strong>beia,</strong></span> <span class='ocrx_word' id='word_1_101' title='bbox 1252 2225 1361 2298; x_wconf 87' lang='lat' dir='ltr'><strong>Pater</strong></span> 
     </span>
     <span class='ocr_line' id='line_1_18' title="bbox 362 2334 1363 2438; baseline 0.005 -34"><span class='ocrx_word' id='word_1_102' title='bbox 362 2382 364 2388; x_wconf 68' lang='grc'><em>»</em></span> <span class='ocrx_word' id='word_1_103' title='bbox 428 2334 653 2430; x_wconf 81' lang='lat' dir='ltr'><strong>Beatissimo,</strong></span> <span class='ocrx_word' id='word_1_104' title='bbox 669 2363 714 2410; x_wconf 92' lang='lat' dir='ltr'><strong>ne</strong></span> <span class='ocrx_word' id='word_1_105' title='bbox 727 2341 885 2438; x_wconf 89' lang='lat' dir='ltr'><strong>patiatur</strong></span> <span class='ocrx_word' id='word_1_106' title='bbox 899 2341 1078 2423; x_wconf 85' lang='lat' dir='ltr'><strong>Sanctitas</strong></span> <span class='ocrx_word' id='word_1_107' title='bbox 1090 2340 1138 2414; x_wconf 85' lang='lat' dir='ltr'><strong>V.</strong></span> <span class='ocrx_word' id='word_1_108' title='bbox 1152 2337 1248 2438; x_wconf 90' lang='lat' dir='ltr'><strong>quod</strong></span> <span class='ocrx_word' id='word_1_109' title='bbox 1264 2335 1311 2410; x_wconf 91' lang='lat' dir='ltr'><strong>ab</strong></span> <span class='ocrx_word' id='word_1_110' title='bbox 1321 2360 1363 2410; x_wconf 86' lang='lat' dir='ltr'><strong>ea</strong></span> 
     </span>
     <span class='ocr_line' id='line_1_19' title="bbox 427 2452 1356 2552; baseline 0.008 -36"><span class='ocrx_word' id='word_1_111' title='bbox 427 2461 633 2523; x_wconf 84' lang='lat' dir='ltr'><strong>extructum</strong></span> <span class='ocrx_word' id='word_1_112' title='bbox 660 2464 769 2552; x_wconf 85' lang='lat' dir='ltr'><strong>atque</strong></span> <span class='ocrx_word' id='word_1_113' title='bbox 799 2453 1008 2525; x_wconf 91' lang='lat' dir='ltr'><strong>institutum</strong></span> <span class='ocrx_word' id='word_1_114' title='bbox 1038 2465 1116 2541; x_wconf 90' lang='lat' dir='ltr'><strong>est,</strong></span> <span class='ocrx_word' id='word_1_115' title='bbox 1144 2452 1356 2550; x_wconf 87' lang='lat' dir='ltr'><strong>cuiusquam</strong></span> 
     </span>
     <span class='ocr_line' id='line_1_20' title="bbox 422 2562 1351 2667; baseline 0.009 -38"><span class='ocrx_word' id='word_1_116' title='bbox 422 2562 559 2633; x_wconf 83' lang='lat' dir='ltr'><strong>iniuria</strong></span> <span class='ocrx_word' id='word_1_117' title='bbox 577 2565 692 2654; x_wconf 86' lang='lat' dir='ltr'><strong>deici,</strong></span> <span class='ocrx_word' id='word_1_118' title='bbox 709 2580 772 2637; x_wconf 89' lang='lat' dir='ltr'><strong>aut</strong></span> <span class='ocrx_word' id='word_1_119' title='bbox 785 2567 928 2639; x_wconf 91' lang='lat' dir='ltr'><strong>destitui</strong></span> <span class='ocrx_word' id='word_1_120' title='bbox 947 2594 955 2639; x_wconf 91' lang='lat'>:</span> <span class='ocrx_word' id='word_1_121' title='bbox 972 2592 1017 2639; x_wconf 85' lang='lat' dir='ltr'><strong>ne</strong></span> <span class='ocrx_word' id='word_1_122' title='bbox 1033 2568 1225 2667; x_wconf 86' lang='lat' dir='ltr'><strong>permittat</strong></span> <span class='ocrx_word' id='word_1_123' title='bbox 1237 2566 1351 2653; x_wconf 79' lang='lat' dir='ltr'><strong>Atbe‘-</strong></span> 
     </span>
     <span class='ocr_line' id='line_1_21' title="bbox 428 2676 1361 2777; baseline 0.006 -34"><span class='ocrx_word' id='word_1_124' title='bbox 428 2696 491 2743; x_wconf 92' lang='lat' dir='ltr'><strong>nas</strong></span> <span class='ocrx_word' id='word_1_125' title='bbox 509 2699 587 2777; x_wconf 82' lang='lat' dir='ltr'><strong>suas</strong></span> <span class='ocrx_word' id='word_1_126' title='bbox 604 2676 692 2771; x_wconf 91' lang='lat' dir='ltr'><strong>.(sic</strong></span> <span class='ocrx_word' id='word_1_127' title='bbox 720 2682 820 2763; x_wconf 88' lang='lat' dir='ltr'><strong>enim</strong></span> <span class='ocrx_word' id='word_1_128' title='bbox 849 2678 1031 2777; x_wconf 89' lang='lat' dir='ltr'><strong>appellare</strong></span> <span class='ocrx_word' id='word_1_129' title='bbox 1062 2678 1153 2751; x_wconf 85' lang='lat' dir='ltr'><strong>libet</strong></span> <span class='ocrx_word' id='word_1_130' title='bbox 1182 2677 1361 2751; x_wconf 90' lang='lat' dir='ltr'><strong>bonarum</strong></span> 
     </span>
     <span class='ocr_line' id='line_1_22' title="bbox 428 2787 1363 2886; baseline 0.006 -31"><span class='ocrx_word' id='word_1_131' title='bbox 428 2787 594 2865; x_wconf 88' lang='lat' dir='ltr'><strong>omnium</strong></span> <span class='ocrx_word' id='word_1_132' title='bbox 611 2792 745 2861; x_wconf 85' lang='lat' dir='ltr'><strong>artium</strong></span> <span class='ocrx_word' id='word_1_133' title='bbox 765 2793 984 2863; x_wconf 85' lang='lat' dir='ltr'><strong>inventrices</strong></span> <span class='ocrx_word' id='word_1_134' title='bbox 1004 2793 1020 2886; x_wconf 88' lang='lat'>)</span> <span class='ocrx_word' id='word_1_135' title='bbox 1047 2794 1135 2863; x_wconf 89' lang='lat' dir='ltr'><strong>aden</strong></span> <span class='ocrx_word' id='word_1_136' title='bbox 1153 2791 1292 2882; x_wconf 89' lang='lat' dir='ltr'><strong>deseri,</strong></span> <span class='ocrx_word' id='word_1_137' title='bbox 1321 2802 1363 2861; x_wconf 88' lang='lat' dir='ltr'><strong>ut</strong></span> 
     </span>
     <span class='ocr_line' id='line_1_23' title="bbox 427 2895 1356 3002; baseline 0.006 -33"><span class='ocrx_word' id='word_1_138' title='bbox 427 2895 498 2969; x_wconf 90' lang='lat' dir='ltr'><strong>drci</strong></span> <span class='ocrx_word' id='word_1_139' title='bbox 527 2900 648 2983; x_wconf 86' lang='lat' dir='ltr'><strong>dehis</strong></span> <span class='ocrx_word' id='word_1_140' title='bbox 666 2903 798 2996; x_wconf 90' lang='lat' dir='ltr'><strong>possit,</strong></span> <span class='ocrx_word' id='word_1_141' title='bbox 815 2906 909 3000; x_wconf 91' lang='lat' dir='ltr'><strong>quod</strong></span> <span class='ocrx_word' id='word_1_142' title='bbox 929 2908 971 2975; x_wconf 87' lang='lat' dir='ltr'><strong>in.</strong></span> <span class='ocrx_word' id='word_1_143' title='bbox 986 2905 1090 2977; x_wconf 81' lang='lat' dir='ltr'><strong>Asiae</strong></span> <span class='ocrx_word' id='word_1_144' title='bbox 1122 2902 1248 2974; x_wconf 89' lang='lat' dir='ltr'><strong>urbem</strong></span> <span class='ocrx_word' id='word_1_145' title='bbox 1274 2927 1356 3002; x_wconf 89' lang='lat' dir='ltr'><strong>pro·</strong></span> 
     </span>
     <span class='ocr_line' id='line_1_24' title="bbox 427 3015 1353 3116; baseline 0.01 -37"><span class='ocrx_word' id='word_1_146' title='bbox 427 3024 602 3104; x_wconf 91' lang='lat' dir='ltr'><strong>stratam,</strong></span> <span class='ocrx_word' id='word_1_147' title='bbox 620 3015 759 3096; x_wconf 89' lang='lat' dir='ltr'><strong>dictum</strong></span> <span class='ocrx_word' id='word_1_148' title='bbox 779 3043 797 3087; x_wconf 86' lang='lat' dir='ltr'><strong>a</strong></span> <span class='ocrx_word' id='word_1_149' title='bbox 816 3019 989 3089; x_wconf 85' lang='lat' dir='ltr'><strong>Diomede</strong></span> <span class='ocrx_word' id='word_1_150' title='bbox 1004 3018 1139 3109; x_wconf 82' lang='lat' dir='ltr'><strong>fertur,</strong></span> <span class='ocrx_word' id='word_1_151' title='bbox 1160 3042 1287 3116; x_wconf 85' lang='lat' dir='ltr'><strong>magna</strong></span> <span class='ocrx_word' id='word_1_152' title='bbox 1304 3022 1353 3089; x_wconf 89' lang='lat' dir='ltr'><strong>ci·</strong></span> 
     </span>
     <span class='ocr_line' id='line_1_25' title="bbox 428 3128 1359 3227; baseline 0.009 -31"><span class='ocrx_word' id='word_1_153' title='bbox 428 3128 545 3213; x_wconf 86' lang='lat' dir='ltr'><strong>vitas,</strong></span> <span class='ocrx_word' id='word_1_154' title='bbox 564 3151 690 3225; x_wconf 84' lang='lat' dir='ltr'><strong>magna</strong></span> <span class='ocrx_word' id='word_1_155' title='bbox 711 3130 865 3203; x_wconf 76' lang='lat' dir='ltr'><strong>solitudo</strong></span> <span class='ocrx_word' id='word_1_156' title='bbox 880 3184 888 3201; x_wconf 85' lang='lat'><strong>.</strong></span> <span class='ocrx_word' id='word_1_157' title='bbox 906 3134 1051 3227; x_wconf 89' lang='lat' dir='ltr'><strong>Quanta</strong></span> <span class='ocrx_word' id='word_1_158' title='bbox 1069 3134 1253 3203; x_wconf 81' lang='lat' dir='ltr'><strong>existimat</strong></span> <span class='ocrx_word' id='word_1_159' title='bbox 1271 3132 1359 3204; x_wconf 90' lang='lat' dir='ltr'><strong>San·</strong></span> 
     </span>
     <span class='ocr_line' id='line_1_26' title="bbox 420 3239 1356 3337; baseline 0.015 -32"><span class='ocrx_word' id='word_1_160' title='bbox 420 3239 529 3315; x_wconf 75' lang='lat' dir='ltr'><strong>,ctitas</strong></span> <span class='ocrx_word' id='word_1_161' title='bbox 558 3239 604 3309; x_wconf 85' lang='lat' dir='ltr'><strong>V.</strong></span> <span class='ocrx_word' id='word_1_162' title='bbox 634 3266 746 3337; x_wconf 89' lang='lat' dir='ltr'><strong>quum</strong></span> <span class='ocrx_word' id='word_1_163' title='bbox 778 3244 991 3316; x_wconf 87' lang='lat' dir='ltr'><strong>verecundia</strong></span> <span class='ocrx_word' id='word_1_164' title='bbox 1031 3240 1122 3317; x_wconf 84' lang='lat' dir='ltr'><strong>affici</strong></span> <span class='ocrx_word' id='word_1_165' title='bbox 1153 3245 1356 3334; x_wconf 90' lang='lat' dir='ltr'><strong>Vrsinum‚</strong></span> 
     </span>
     <span class='ocr_line' id='line_1_27' title="bbox 426 3347 1376 3461; baseline 0.013 -43"><span class='ocrx_word' id='word_1_166' title='bbox 426 3347 709 3450; x_wconf 82' lang='lat' dir='ltr'><strong>Alpbanumque</strong></span> <span class='ocrx_word' id='word_1_167' title='bbox 727 3369 902 3446; x_wconf 87' lang='lat' dir='ltr'><strong>nostrum,</strong></span> <span class='ocrx_word' id='word_1_168' title='bbox 917 3382 1035 3430; x_wconf 88' lang='lat' dir='ltr'><strong>sacrae</strong></span> <span class='ocrx_word' id='word_1_169' title='bbox 1053 3358 1159 3431; x_wconf 90' lang='lat' dir='ltr'><strong>buius</strong></span> <span class='ocrx_word' id='word_1_170' title='bbox 1171 3356 1353 3457; x_wconf 87' lang='lat' dir='ltr'><strong>quondam</strong></span> <span class='ocrx_word' id='word_1_171' title='bbox 1373 3456 1376 3461; x_wconf 68' lang='lat'>‚</span> 
     </span>
     <span class='ocr_line' id='line_1_28' title="bbox 426 3465 1357 3571; baseline 0.012 -40"><span class='ocrx_word' id='word_1_172' title='bbox 426 3465 640 3545; x_wconf 70' lang='lat' dir='ltr'><strong>Academiae</strong></span> <span class='ocrx_word' id='word_1_173' title='bbox 658 3466 910 3541; x_wconf 87' lang='lat' dir='ltr'><strong>celeberrimos</strong></span> <span class='ocrx_word' id='word_1_174' title='bbox 940 3472 1123 3565; x_wconf 87' lang='lat' dir='ltr'><strong>Oratores,</strong></span> <span class='ocrx_word' id='word_1_175' title='bbox 1152 3470 1283 3571; x_wconf 91' lang='lat' dir='ltr'><strong>quibus</strong></span> <span class='ocrx_word' id='word_1_176' title='bbox 1312 3472 1357 3543; x_wconf 91' lang='lat' dir='ltr'><strong>de</strong></span> 
     </span>
     <span class='ocr_line' id='line_1_29' title="bbox 427 3575 1357 3672; baseline 0.01 -28"><span class='ocrx_word' id='word_1_177' title='bbox 427 3575 553 3656; x_wconf 81' lang='lat' dir='ltr'><strong>endem</strong></span> <span class='ocrx_word' id='word_1_178' title='bbox 577 3604 596 3648; x_wconf 88' lang='lat' dir='ltr'><strong>a</strong></span> <span class='ocrx_word' id='word_1_179' title='bbox 619 3579 817 3653; x_wconf 87' lang='lat' dir='ltr'><strong>Sanctitate</strong></span> <span class='ocrx_word' id='word_1_180' title='bbox 845 3585 891 3655; x_wconf 87' lang='lat' dir='ltr'><strong>V.</strong></span> <span class='ocrx_word' id='word_1_181' title='bbox 922 3583 1084 3655; x_wconf 84' lang='lat' dir='ltr'><strong>eiusdem</strong></span> <span class='ocrx_word' id='word_1_182' title='bbox 1115 3581 1357 3672; x_wconf 79' lang='lat' dir='ltr'><strong>restituendae</strong></span> 
     </span>
     <span class='ocr_line' id='line_1_30' title="bbox 426 3689 1353 3798; baseline 0.013 -41"><span class='ocrx_word' id='word_1_183' title='bbox 426 3689 644 3777; x_wconf 83' lang='lat' dir='ltr'><strong>demandata</strong></span> <span class='ocrx_word' id='word_1_184' title='bbox 673 3720 755 3766; x_wconf 88' lang='lat' dir='ltr'><strong>cura</strong></span> <span class='ocrx_word' id='word_1_185' title='bbox 790 3698 925 3789; x_wconf 81' lang='lat' dir='ltr'><strong>suerat3</strong></span> <span class='ocrx_word' id='word_1_186' title='bbox 952 3711 1086 3798; x_wconf 86' lang='lat' dir='ltr'><strong>quanta</strong></span> <span class='ocrx_word' id='word_1_187' title='bbox 1119 3696 1353 3787; x_wconf 78' lang='lat' dir='ltr'><strong>Academicos</strong></span> 
     </span>
    </p>
   </div>
   <div class='ocr_carea' id='block_1_4' title="bbox 0 0 1576 4965">
    <p class='ocr_par' dir='ltr' id='par_1_4' title="bbox 0 0 1576 4965">
     <span class='ocr_line' id='line_1_31' title="bbox 0 0 1576 4965; baseline 0 0"><span class='ocrx_word' id='word_1_188' title='bbox 0 0 1576 4965; x_wconf 95' lang='lat' dir='ltr'><strong> </strong></span> 
     </span>
    </p>
   </div>
  </div>
 </body>
</html>
